2550 4972
197 659 457 723 CODICIBUS
486 659 545 722 ET
572 658 899 722 EDITIONIBUS.
1024 660 1078 723 lxix
1124 656 1128 663 ’

10 791 120 854 tibutti
136 792 234 855 eadem
254 813 352 852 manus
368 814 377 850 s
394 790 516 850 Juntina
534 792 595 850 here
615 789 753 871 Propertii
765 789 852 852 editio
870 789 991 871 pn'rnom
1006 789 1079 851 Aldi

10 902 106 953 secuto
118 902 184 966 est,
200 911 264 973 pua
276 891 380 972 prodiit
397 888 485 952 1502.
501 887 634 951 Prael'atio
647 890 731 970 hujus
748 889 793 952 ed.
808 886 987 950 inscribitur:

177 1057 228 1120 At.
242 1059 299 1120 hla-
315 1059 373 1119 Ro.
390 1055 502 1118 Marino
519 1056 649 1117 Sannuto
667 1056 790 1117 Patrico

261 1158 373 1220 Veneto
390 1153 539 1216 Benedicti
554 1154 638 1217 Filio.
655 1155 687 1214 S.

57 1313 225 1377 thchhins
239 1312 333 1397 pergit
350 1314 408 1374 hoc
423 1311 530 1374 modo:

24 1423 123 1483 «lianc
130 1421 286 1483 editionem
293 1419 367 1495 vidi,
378 1420 553 1502 comparavi,
563 1418 682 1504 agnovi,
692 1441 753 1481 esse
763 1440 840 1492 eam,
853 1439 995 1502 quamego
1003 1445 1080 1485 nnnc

23 1523 181 1606 simpliciter
195 1521 240 1582 ed.
250 1521 316 1582 Vet.
330 1519 445 1592 rocavi,
461 1542 538 1581 nunc
552 1520 595 1581 ed.
611 1520 677 1579 did.
694 1542 738 1580 an.
756 1519 841 1581 1511.
857 1521 1007 1603 Perperam
1018 1522 1080 1585 sine

27 1620 114 1683 tutio.
129 1621 187 1683 Sed
196 1642 254 1702 quo
264 1622 450 1703 inrevocatur
462 1617 714 1704 Juutinudhonge
721 1618 864 1680 diversum
875 1619 989 1680 titulum
997 1620 1082 1683 hahet

28 1721 153 1793 luntina,
167 1720 254 1806 longe
263 1718 399 1782 diversam
410 1715 602 1800 praefationem
613 1729 641 1778 et
652 1717 906 1800 subscriptionem,
921 1720 1001 1801 quod
1011 1719 1082 1781 infra

32 1813 266 1880 demonstrabitur.
275 1817 356 1902 Ergo
363 1814 436 1876 illud
448 1815 669 1890 Saotenianom,
684 1837 761 1876 nunc
770 1814 974 1890 Berolinense,
988 1838 1083 1878 erenr-

33 1918 96 1993 plum
111 1930 155 1982 est
168 1918 327 1992 Aldinom,
344 1918 393 1978 sed
407 1917 613 1991 adulterinum,
629 1918 703 1978 sicut
717 1940 829 1990 meum,
845 1916 875 1977 id
890 1930 948 1991 est,
964 1918 1082 1997 Lugdu-

38 2036 120 2091 oeuse,
136 2018 216 2101 quod
232 2019 261 2078 in
277 2017 357 2080 omni
370 2018 429 2078 lere
443 2015 567 2079 lectione
581 2016 724 2094 conspirat
736 2038 801 2077 eum
811 2017 990 2092 Bardiliano,
1004 2040 1082 2082 nunc

39 2112 181 2181 theatino
200 2120 254 2181 viri
272 2118 466 2180 humanissimi
487 2117 556 2177 item
577 2139 651 2179 meo.
674 2119 747 2181 Haec
765 2118 823 2178 duo
841 2119 1005 2200 exemplaria
1021 2142 1082 2182 non

44 2215 122 2278 tuden
135 2230 263 2295 tempore
276 2217 411 2300 impressa
423 2227 490 2277 sunt
504 2216 650 2301 Lugduni.
663 2220 735 2279 Nam
749 2233 778 2280 et
790 2218 883 2280 charta
896 2219 1007 2281 videtur
1021 2243 1083 2283 esse

46 2309 144 2390 drusa,
160 2335 214 2375 nec
229 2334 340 2391 semper
357 2313 492 2375 convenit
507 2313 610 2388 lectio,
623 2339 650 2375 v.
663 2338 688 2376 c.
703 2317 734 2390 Ι,
754 2333 810 2387 ιιι,
828 2313 875 2398 37.
893 2316 1083 2378 Bardilianum

10 2416 12 2423 '
48 2408 203 2477 htetsicuu
212 2416 395 2499 archetypum
408 2436 415 2472 :
427 2415 557 2477 urebant
570 2437 638 2497 rege
650 2418 746 2494 prius,
762 2437 864 2497 quom,·
878 2439 973 2478 meum
984 2430 1084 2479 contra

10 2500 16 2559 l
48 2513 112 2585 patr,
128 2536 194 2595 pua·
209 2511 258 2573 Ab
273 2525 396 2594 utroque
412 2513 490 2575 abest
510 2513 623 2574 Avantii
641 2515 770 2591 Epistola
792 2527 859 2597 post
874 2514 1028 2576 Catullum.
1044 2519 1084 2577 Et

48 2613 93 2674 tatis
103 2626 227 2691 constat,
244 2613 449 2696 Lugdunenses
463 2611 542 2675 brevi
559 2614 694 2690 temporis
709 2615 858 2678 intervallo
874 2614 1013 2678 editiones
1026 2616 1086 2676 At-

10 2786 15 2811 ,
48 2708 417 2785 dissimulemus,
438 2724 510 2774 torn.
525 2712 579 2786 ΙΙ,
598 2735 627 2789 p.
647 2734 699 2795 17,
717 2724 746 2773 et
759 2735 788 2790 p.
809 2735 884 2796 197,
901 2736 930 2773 n.
945 2711 973 2774 3.
990 2716 1084 2778 Prima

10 2816 17 2927 p
48 2813 122 2876 utun
135 2837 180 2876 an.
195 2813 271 2875 1502
283 2811 422 2891 prodiisse
436 2812 566 2882 videtur;
583 2833 649 2871 nam
664 2809 776 2872 libellus
789 2811 856 2872 Aldi
870 2815 1007 2888 Manutii,
1023 2838 1084 2898 qno

46 2924 161 2989 sopores
177 2913 213 2973 de
227 2912 285 2974 hoc
298 2909 455 2994 mangonio
470 2909 605 2972 certiores
620 2907 705 2982 lucit,
723 2907 814 2968 editus
831 2911 886 3001 jam
900 2923 943 2971 est
956 2912 1085 2976 Venetiis

47 3010 319 3072 summittunt.
329 3007 373 3068 lbi
383 3007 457 3067 inter
468 3006 519 3067 alia
528 3007 590 3066 haec
601 3005 748 3090 leguntur:
761 3006 941 3084 (Renouord,
959 3021 1029 3070 tom.
1038 3013 1084 3087 ΙΙ,

46 3125 67 3182 p·
78 3107 135 3169 208.
148 3114 160 3188 )
172 3135 192 3166 α
206 3111 283 3171 Sunt
297 3111 352 3191 jam
367 3107 496 3184 impressi
513 3106 647 3185 Lugduni
660 3109 675 3185 (
688 3105 768 3187 quod
783 3104 895 3166 scierim
909 3107 923 3183 )
940 3107 1085 3171 characte-

45 3204 103 3272 nbns
112 3211 261 3274 simillimis
273 3210 379 3272 nostris
393 3207 727 3295 :Vergilius,Horatius,
739 3207 883 3269 Juvenalis
894 3229 958 3269 cum
966 3211 1084 3287 Persio,

46 3304 173 3386 lltthlis,
191 3313 332 3372 Lucanus.
345 3309 474 3371 Catullus
484 3329 548 3368 cum
558 3306 693 3381 Tibullo,
705 3307 905 3389 etPropertio·
923 3308 1084 3384 Terentius,

46 3403 172 3493 inquibus
188 3411 321 3472 omnihus
335 3430 389 3471 nec
406 3421 450 3471 est
463 3407 640 3486 impressoris
657 3428 785 3482 nomen,
810 3430 863 3470 nec
883 3408 963 3470 locus
982 3409 1012 3469 in
1028 3431 1086 3491 quo

44 3504 153 3595 inpressi
167 3557 177 3588 ,
191 3535 245 3577 nec
259 3525 390 3595 tempus,
408 3532 467 3594 quo
485 3509 605 3571 absoluti
622 3508 735 3569 luerint.
760 3512 795 3570 ln
812 3511 918 3572 nostris
933 3533 1001 3573 vero
1019 3533 1087 3572 om-

45 3602 111 3670 tt'bus
123 3611 164 3673 sic
175 3623 241 3672 est:
261 3611 387 3672 Venetiis
402 3610 433 3668 in
449 3607 556 3668 aedihus
573 3606 641 3666 Aldi
657 3610 714 3669 tto.
731 3607 781 3668 illo
797 3630 804 3664 τ
821 3610 867 3668 vel
882 3609 932 3669 illo
949 3621 1088 3685 tempore.

44 3699 102 3767 llen
116 3708 193 3769 nulla
204 3708 235 3768 in
249 3706 304 3769 illis
321 3707 454 3770 visuntur
468 3705 598 3788 insignia.
614 3707 651 3764 In
667 3706 774 3766 nostris
795 3716 838 3765 est
858 3704 1018 3782 Delphinus
1034 3727 1088 3765 an-

45 3801 122 3866 tboeae
142 3807 289 3871 involutus
306 3830 314 3867 ε
334 3817 367 3868 ut
384 3807 455 3867 infra
471 3805 537 3868 licet
558 3805 665 3870 videre.
682 3807 822 3865 Praeterea
841 3803 964 3864 deterior
986 3804 1088 3866 inillis

43 3903 119 3969 thre
130 3931 138 3969 z
150 3920 180 3969 et
194 3912 288 3970 nescio
301 3909 371 3992 quaid
380 3930 465 3988 prove
480 3909 573 3981 olens,
592 3907 763 3968 characteres
778 3927 847 3967 vero
863 3904 1025 3989 diligentius
1039 3906 1088 3967 in-

42 4010 118 4069 ouri
132 4009 245 4088 sapiunt
260 4030 268 4068 τ
284 4013 341 4090 (ut
353 4010 396 4069 sie
408 4007 550 4083 ιὶίπήηι)
563 4005 742 4092 gallicitutem
758 4005 905 4087 quandam.
919 4041 961 4053 -
976 4007 1015 4067 Ιιι
1024 4005 1090 4084 fine

43 4104 136 4168 &otti
150 4131 216 4170 eum
233 4131 243 4167 a
259 4129 320 4191 qua
335 4110 367 4168 in
384 4129 444 4168 meo
461 4118 504 4168 est
519 4129 529 4166 .·
543 4106 690 4186 epistolam
710 4105 959 4184 pcaetermiscrunt.
977 4134 992 4160 a
1017 4107 1089 4165 Haec

39 4206 120 4271 mia
134 4206 313 4272 conveniunt
326 4206 357 4268 in
369 4206 428 4270 duo
440 4206 487 4268 itta
499 4207 681 4284 exemplaria,
699 4205 890 4267 Bardilianum
903 4217 932 4265 et
945 4205 1090 4265 Santcuia-

10 4328 13 4361 i
35 4307 519 4387 msivemeum.SedDelphinum
531 4306 663 4368 anchoras
673 4305 1089 4368 involutumneclteuouardus

31 4412 93 4476 vidit
104 4415 137 4477 in
149 4412 307 4495 archetypo
320 4410 443 4488 Catulli,
461 4409 569 4472 Tibulli
585 4421 616 4472 et
630 4407 791 4488 Propertii,
809 4431 862 4472 nec
877 4431 942 4490 ego.
958 4407 1016 4469 llic
1031 4408 1088 4468 duo
