2550 4972
101 276 163 356 xcvj
396 277 456 338 DE
478 276 625 341 Ateio
646 276 868 339 TIBULLO.

203 406 245 466 M.
262 406 423 469 venustius
439 408 638 483 Miserius,
654 409 719 470 Lib.
734 408 828 482 vttt,
845 406 942 489 epigr.
958 416 1066 465 emir.

265 534 345 586 Fame
359 546 396 587 est
409 536 491 609 arguti
503 537 617 590 Nemesis
631 539 740 592 formosa
751 535 866 590 Tibulli:
978 600 987 609 ἱ

296 625 385 679 Lesbia
398 626 519 693 dietavit,
533 628 604 681 docte
618 628 734 694 Getulle,
748 628 802 680 tibi.

424 745 523 821 ldem,
538 746 601 805 Lib.
619 747 711 820 XIV,
731 747 829 830 Epigr.
845 761 954 807 cxc111.

265 874 334 927 Ussit
346 889 482 929 amatorem
496 877 611 929 Nemesis
622 876 715 930 lesciva
724 876 869 943 Tibullum,

297 967 328 1017 ln
342 980 392 1020 tote
404 967 471 1041 juvit
483 987 561 1038 quem
574 968 642 1021 nihil
656 988 707 1021 esse
720 970 830 1021 domo*.

424 1113 459 1171 L.
481 1112 691 1187 Areonesos,
711 1112 859 1193 Apologia.

139 1238 289 1299 Accusent
291 1280 337 1299 .....
350 1254 380 1302 et
396 1240 567 1316 Tibullum,
590 1245 667 1325 quod
685 1244 712 1304 ei
731 1242 769 1304 sit
782 1241 892 1303 Plautia
909 1241 941 1299 in
959 1235 1070 1307 animo,
1084 1223 1165 1292 Delli

100 1366 132 1403 m
148 1367 243 1407 versu.

254 1452 290 1513 C.
312 1454 448 1517 Sossios
469 1455 625 1518 sinemus
645 1456 880 1530 tenuemus,
909 1451 1006 1513 Carru-
1023 1470 1053 1532 9·

142 1584 212 1643 Non
230 1584 381 1645 Geticulus
397 1585 443 1645 hic
461 1584 513 1646 tibi
530 1586 658 1670 legetur,

142 1691 212 1750 Non
229 1692 362 1765 Marsus,
383 1692 484 1765 Pedo,
506 1693 614 1769 Silius,
638 1693 781 1757 Tibullus.

473 1823 555 1883 Idem
571 1825 612 1883 od
628 1826 809 1906 Hesperium.

140 1951 326 2024 Memineris,
343 1953 423 2033 quod
438 1975 513 2031 saepe
530 1976 643 2017 versum
657 1953 811 2030 complevit
827 1952 910 2015 Delie
927 1973 994 2013 cum
1009 1944 1127 2011 Tibullo.

245 2085 416 2144 Drouenes
433 2085 691 2158 Gninusrmus,
709 2083 772 2142 Lib.
786 2084 854 2157 111,
871 2106 935 2165 cop.
952 2099 1000 2143 vt.

142 2218 233 2292 Quod
249 2238 340 2298 genus
358 2215 489 2276 carminis
502 2214 651 2297 (Elegiem
661 2215 672 2294 l
683 2215 827 2296 praecipue
838 2215 1020 2296 scripserunt
1028 2209 1101 2289 apud
1111 2207 1160 2266 llo·

101 2342 201 2381 manos
216 2321 386 2401 Propertius
399 2333 428 2379 et
438 2318 590 2391 Tibullus,
601 2317 702 2378 imitati
718 2320 839 2383 Graecos
852 2318 1059 2420 Callimachum
1076 2327 1104 2378 et
1112 2312 1162 2373 Eu·

104 2425 317 2508 phormionem.

225 2556 371 2615 Joersues
385 2557 539 2615 Burrum
555 2556 648 2630 Pius,
667 2555 774 2618 Annos.
786 2568 890 2640 poster.
905 2579 970 2639 cap.
989 2574 1065 2618 cxv.
1137 2622 1140 2629 ,

144 2683 283 2763 Princeps
297 2685 457 2767 Elegorum
474 2697 622 2762 poetarum
635 2699 679 2748 est
690 2687 778 2748 dubio
793 2688 897 2771 procul
910 2686 1019 2750 Albius
1034 2682 1167 2749 Tibullus·

104 2790 273 2874 quievere,
296 2811 359 2851 non
376 2790 585 2850 dissimulanter
598 2803 648 2851 aut
663 2792 810 2868 obnoxie,
833 2807 976 2855 ementem
992 2794 1074 2879 agiu
1096 2784 1171 2853 mod⁰

104 2895 257 2975 superbit,
280 2896 370 2958 modo
387 2894 547 2976 supplicat,
563 2894 691 2971 unnuit,
712 2899 829 2972 renuit,
843 2900 991 2974 minatur,
1009 2895 1174 2961 intercedite

103 2996 307 3079 dedignetur,
333 2996 481 3068 devovet,
508 3006 594 3068 orat,
616 2995 781 3056 inconstans
808 3012 870 3072 est,
897 3000 980 3080 quod
1000 3001 1101 3063 voluit
1125 3012 1178 3058 non

103 3104 190 3175 vult,
206 3104 285 3185 quod
301 3100 411 3184 optavit
432 3099 558 3182 refugit,
571 3122 666 3161 seeum
682 3101 821 3164 dissidens
835 3146 845 3177 ,
858 3117 894 3165 ut
909 3107 941 3167 in
956 3128 1025 3169 vera
1044 3102 1182 3188 cupidinis

103 3221 168 3272 rota
179 3209 258 3270 illum
272 3204 428 3288 circumagi
443 3205 549 3268 credes.
562 3207 631 3266 Non
649 3206 728 3267 deest
743 3210 884 3269 tamenin
899 3223 983 3274 tento
1000 3214 1107 3297 lepore
1124 3232 1186 3278 eer-

104 3315 209 3376 borum
224 3340 290 3378 suus
309 3314 389 3375 nitor
405 3323 435 3372 et
451 3310 662 3372 reconditarum
681 3332 775 3370 rerum
791 3314 935 3395 cognitio.
984 3331 989 3338 “

312 3471 468 3531 Anonos
489 3469 701 3539 Poterimus,
722 3465 838 3528 Nutric.
855 3493 884 3532 v.
899 3470 974 3557 539.

335 3597 407 3649 ...ΙΙΙ
417 3596 476 3649 tersi
489 3604 613 3645 memoret
623 3592 666 3662 pie
678 3592 752 3643 Musa
762 3593 878 3665 Tibulli,

300 3686 377 3737 Mun
389 3685 439 3736 sibi
452 3685 547 3758 primos
561 3700 617 3752 qun
629 3680 683 3750 jure
696 3682 811 3734 adsciscit
822 3686 933 3743 honores

298 3773 439 3847 impetibus
452 3772 577 3837 numeris,
590 3770 617 3821 ni
628 3768 723 3823 blande
736 3769 882 3842 Propertius
893 3800 940 3833 οη

302 3862 406 3928 Solvet,
421 3876 446 3917 et
455 3862 601 3935 ambiguam
612 3858 687 3914 tseiet
696 3863 835 3917 certamine
843 3867 965 3943 palmam.

131 4025 325 4075 susurremus,
340 4023 385 4063 us.
400 4023 423 4075 1,
434 4022 527 4073 ειιμ,
537 4036 557 4062 v.
572 4022 602 4063 su
