2580 5002
239 668 506 735 CODICIBUS
529 670 588 732 ET
616 667 949 730 EDITIONlBUS.
1037 666 1128 752 xxxvij

103 803 142 863 N.
154 799 203 875 43.
214 803 339 880 Tibulli,
358 803 463 865 Catulli
479 814 508 864 et
518 801 660 882 Propertii
676 822 775 881 oper23
788 801 921 884 quilorte
932 811 976 863 est
983 799 1013 861 in
1019 802 1126 886 Regia,

106 922 328 1065 1n⁹lllniochen
342 1005 500 1078 Tbuanea,
521 1025 587 1085 quae
599 1025 675 1066 nunc
686 1002 831 1063 maximam
846 1012 954 1080 partem
970 1000 1000 1062 in
1011 1001 1131 1086 Regiam

64 1099 212 1176 translata,
229 1102 260 1162 in
276 1103 366 1164 Catal.
381 1101 450 1163 bibl.
464 1104 577 1165 Tbuan.
592 1104 667 1164 inter
683 1103 780 1177 MSS,
795 1125 824 1181 p·
840 1099 909 1178 464.

106 1197 254 1279 Tibullus,
271 1204 438 1284 Propertius
454 1204 484 1265 in
502 1202 556 1279 rb,
572 1204 621 1286 qui
637 1203 748 1268 videtur
759 1222 821 1263 esse
835 1202 860 1262 is
880 1222 965 1284 quem
981 1200 1144 1287 Guyetus,

65 1296 229 1380 ingeniosus
245 1305 361 1380 Gallus,
379 1305 499 1368 vmsavit
517 1318 537 1366 ¹.

105 1400 220 1485 Heynio
247 1406 363 1486 insuper
388 1406 500 1468 codices
526 1402 769 1487 Guelpberbptani
790 1414 912 1483 quatuor
938 1415 1131 1464 memorantur

66 1498 166 1580 quibus
183 1528 250 1567 usus
267 1519 311 1568 est
326 1506 355 1566 in
367 1529 417 1568 sna
429 1505 565 1567 editione.

107 1602 131 1662 l.
151 1604 210 1666 No.
232 1604 294 1682 63,
315 1605 356 1683 5,
374 1607 488 1671 octonis
505 1605 660 1691 oblongis,
681 1624 886 1688 pergamenus,
903 1598 993 1662 nitide
1010 1614 1040 1662 et
1059 1600 1130 1665 dili-

64 1714 164 1783 genter
174 1707 306 1790 scriptus·
320 1711 395 1772 Sunt
405 1708 436 1768 in
448 1728 484 1771 eo
496 1729 502 1766 :
522 1705 671 1781 Tibullus,
687 1705 789 1766 litteris
800 1701 954 1766 initialibus
966 1700 1130 1786 Elegiarum

62 1798 168 1880 pictis,
186 1807 264 1869 nulla
282 1820 375 1870 tamen
394 1831 458 1870 cum
475 1806 679 1886 inscriptione;
701 1805 860 1888 subjectum
875 1815 919 1865 est
935 1802 1008 1865 libro
1027 1814 1129 1885 quarto

63 1920 193 1967 carmen:
212 1936 227 1961 «ι
240 1912 341 1971 Donec
354 1921 439 1971 erunt
448 1909 547 1992 ignes,
559 1920 614 1969 etc.
630 1935 645 1961 »
664 1904 777 1990 Virgilii
791 1904 911 1988 Eclogoe
925 1914 955 1964 et
970 1902 1130 1988 Georgica,

60 2002 144 2064 etiam
157 2008 218 2069 sine
229 2010 416 2088 inscriptione
431 2008 595 2071 carminum.
611 2009 646 2068 ln
661 2006 717 2067 fine
728 2003 855 2068 versibus
870 2028 877 2063 :
895 2004 969 2064 Huc
985 2024 1071 2085 super
1085 2025 1131 2063 ns·-

60 2121 154 2163 oorum
165 2107 354 2189 subscriptum
364 2122 425 2170 est:
442 2137 456 2162 u
472 2108 605 2171 Clemens
622 2106 814 2168 Salernitanus
828 2103 948 2166 feliciter
962 2103 1083 2182 scripsit.
1097 2131 1113 2160 n

100 2204 141 2262 ΙΙ.
159 2203 197 2266 82
211 2249 220 2281 ,
236 2204 273 2281 6,
289 2211 433 2289 quaternis
448 2209 598 2293 oblongis;
616 2228 820 2293 pergamenus,
839 2205 929 2265 nitide
941 2216 970 2265 et
984 2225 999 2264 a
1014 2203 1129 2266 librario

57 2301 159 2364 sedulo
178 2307 316 2382 scriptus3
334 2307 488 2390 inscriptos
505 2309 589 2372 habet
603 2309 755 2391 elegiarum
770 2327 905 2368 numeros
925 2318 955 2365 et
975 2304 1072 2365 breves
1088 2304 1130 2364 ti-

58 2400 158 2474 tulos,
181 2405 266 2463 etiam
283 2404 412 2464 lemmata
432 2407 535 2483 passim
560 2409 590 2466 in
613 2406 764 2488 margine,
792 2416 854 2466 tum
875 2402 962 2464 varias
985 2402 1129 2465 interdum

57 2497 219 2573 lectiones,
236 2500 271 2558 ab
283 2499 336 2561 alia
351 2514 445 2561 tamen
460 2525 567 2577 nunu,
583 2506 633 2563 sed
649 2505 784 2586 antiqua,
800 2502 854 2566 viri
872 2501 1007 2583 quidem,
1029 2514 1063 2562 ut
1075 2524 1131 2581 ap-

57 2607 156 2673 paret,
170 2597 270 2672 YCti,
287 2599 437 2671 Pontano,
459 2619 544 2679 quem
560 2601 662 2661 excitat
677 2602 773 2683 aliquo
786 2600 876 2675 loeo,
896 2599 1028 2683 junioris.
1046 2600 1132 2663 Con-

56 2694 184 2776 tingium
193 2693 345 2775 aliquando
362 2695 440 2755 bunc
452 2696 580 2757 codicem
597 2720 682 2758 manu
696 2722 820 2761 versasse
830 2742 844 2785 ².
854 2722 888 2761 ex
899 2713 968 2762 nota
981 2699 1034 2761 sub
1044 2699 1129 2760 finem

55 2794 122 2855 libri
139 2794 215 2855 tertii
229 2795 334 2854 inserta
349 2793 485 2856 intellexi.
506 2800 540 2858 ln
556 2796 613 2857 fine
633 2818 688 2858 nna
703 2817 739 2857 ex
756 2798 932 2863 Heroidrbus
949 2798 1048 2863 Ovidii
1069 2799 1131 2861 sine

55 2892 245 2971 inscriptione
261 2915 293 2954 ae
307 2893 393 2955 titulo
410 2906 454 2954 est
465 2893 590 2977 subjecta
605 2919 612 2954 :
630 2896 760 2973 Epistola
778 2898 907 2976 Snppbns
917 2899 1128 2961 athbaonem:

56 3019 122 3078 qnae
138 3006 182 3055 est
198 2995 263 3053 XV.
286 2996 362 3054 Sunt
375 2994 488 3069 ,scilicet
502 2995 598 3076 plures
610 2996 742 3071 codices,
759 2999 808 3079 qui
823 2998 895 3059 banc
908 2999 1055 3077 epistolam
1073 2999 1130 3059 ba-

56 3096 126 3176 bent
142 3093 260 3154 Tibullo
277 3093 447 3177 subjectam,
471 3107 504 3155 ut
520 3096 693 3159 Boldeianus
709 3099 798 3181 (sup.
811 3121 840 3177 p.
855 3100 969 3176 mu)
985 3099 1129 3161 Parisinus

58 3199 103 3274 (p.
119 3197 236 3271 xxxiv)
250 3195 328 3275 quod
340 3216 406 3255 casu
420 3194 552 3278 suspicor
567 3197 690 3272 lactum,
707 3222 797 3281 quum
806 3221 881 3261 unus
891 3199 993 3281 aliquis
1010 3199 1129 3278 spatium

59 3294 166 3356 codicis
180 3316 298 3356 vacuum
309 3294 389 3356 brevi
399 3295 455 3357 boc
471 3296 594 3358 carmine
606 3297 782 3381 explevisset.

103 3392 257 3468 111.332,
278 3395 357 3456 Gul.
377 3396 512 3469 octonis,
533 3396 564 3457 in
579 3399 674 3459 charta
698 3420 866 3484 pergameno
885 3399 1018 3461 “umore
1040 3398 1129 3460 niticle

59 3506 202 3566 exaratum
218 3494 320 3558 litteris
333 3494 485 3556 initialibus
498 3495 637 3559 librorum
654 3509 683 3559 et
699 3522 831 3562 versuum
847 3499 979 3562 colorum
998 3499 1131 3562 varietate

61 3596 185 3669 ormtis;
203 3609 353 3657 esttamen
370 3620 385 3658 a
399 3597 608 3674 recentissima,
629 3600 679 3661 sed
695 3600 799 3676 docta,
817 3623 922 3677 manu,
939 3600 1040 3661 litteris
1059 3621 1129 3661 cur-

60 3700 145 3773 sivis,
163 3719 229 3781 quas
244 3710 366 3773 vocant,
384 3711 527 3775 exaratus,
545 3722 611 3761 eum
626 3701 797 3763 lectionibus
811 3724 869 3766 var.
884 3702 915 3761 in
931 3701 1079 3785 margine,
1094 3699 1129 3760 ab

60 3804 176 3873 cadem,
199 3810 232 3859 ut
245 3797 388 3876 probabile
404 3799 455 3875 fit,
471 3823 557 3862 manu
572 3801 697 3884 adjectis·
715 3800 865 3883 subjectus
878 3812 921 3861 est
939 3800 1084 3871 Catullns3
1100 3812 1130 3860 et

59 3909 92 3968 in
108 3915 229 3965 extremo
244 3899 344 3982 pagina
357 3922 468 3963 oermen
481 3925 488 3961 :
499 3929 515 3955 «s
527 3904 572 3963 De
585 3913 652 3963 ortu
666 3913 695 3961 et
705 3900 788 3961 obitu
796 3900 1031 3980 Hermaphroditi
1040 3900 1129 3961 Pulex

60 4018 145 4091 poeta
155 4033 169 4058 n
186 4006 321 4082 (carmen
336 3999 462 4079 ineptum
476 4025 483 4058 :
497 4000 576 4084 quocl
588 4001 618 4061 in
631 4001 802 4076 caelestis,
818 4012 849 4063 et
863 4023 897 4063 ex
912 4000 946 4063 iis
962 4000 993 4060 in
1004 4000 1129 4061 Antho-

98 4225 106 4254 ¹
124 4221 185 4273 Erat
197 4221 225 4273 in
237 4218 390 4272 bibliothece
403 4216 474 4270 (lueis
489 4216 519 4270 de
534 4218 559 4271 la
575 4217 601 4269 V
602 4217 687 4271 allilre
701 4216 801 4286 Codex,
816 4218 848 4271 clo
861 4238 912 4290 quo
929 4237 953 4270 v.
971 4215 1130 4285 catologus,

66 4324 83 4362 t.
97 4308 134 4375 ll,
149 4330 173 4380 p.
187 4309 232 4376 73,
248 4305 311 4360 alius
322 4305 350 4357 in
362 4302 513 4377 supellectile
526 4305 555 4356 P.
568 4305 627 4357 Ant.
641 4303 786 4377 Bolongaro
800 4303 831 4357 de
842 4303 975 4356 Crevenna
985 4341 991 4369 ,
1002 4313 1063 4353 tom.
1076 4301 1133 4367 lll,

70 4417 94 4474 p.
111 4395 163 4459 124.
