2550 4972
152 319 222 400 „vj
545 309 604 369 nu
634 309 828 370 sinuant

156 462 187 511 et
199 448 260 530 ejus
273 443 348 505 curis
362 440 520 524 precipuus
534 440 632 524 elegiae
642 463 711 501 nsns
720 439 776 500 luit
785 483 793 514 ,
803 437 963 520 mansitque
973 439 1058 501 et'mm
1066 440 1143 517 apud
1152 459 1271 515 τοις

145 547 208 631 ¹qni
223 545 301 606 lusus
318 554 427 622 tantum
448 540 575 626 ingenii,
591 562 651 603 non
671 561 755 601 veros
775 561 903 613 amores,
920 541 1042 601 carmine
1060 561 1271 624 persequ

157 659 256 710 rentur
268 666 275 703 ε
288 642 318 703 id
329 640 407 724 qnod
423 642 476 722 jam
492 640 526 700 ab
543 639 650 702 ondin
668 639 780 701 lactum.
795 643 829 701 ln
844 641 920 703 curis
932 663 1002 703 vero
1012 643 1117 705 amoris
1133 665 1271 726 eaprs‘

157 743 267 807 mendis
284 740 413 803 omniane
425 738 570 822 aeqmliter
584 739 738 821 procedere
751 754 892 823 possunt,
903 753 936 801 ut
947 740 997 801 alia
1009 741 1089 801 aliam
1105 755 1271 804 senten-⁴·

156 843 241 916 tiam,
251 839 339 903 veluti
349 840 378 898 in
394 860 525 901 sermone
542 861 608 901 cum
621 839 731 901 ratione
743 851 772 900 et
788 840 876 900 multa
890 838 1093 902 deliberatione
1107 862 1221 924 compo
1240 866 1271 879 ὀ

157 946 215 1007 sito
230 955 260 1004 et
275 940 423 1024 diligenter
439 940 599 1014 elaborato,
614 940 752 1021 excipiat?
769 943 839 1001 Non
854 941 955 1011 credo;
967 940 1017 1001 sed
1030 954 1063 1000 ut
1075 941 1104 1002 in
1117 953 1221 1002 amante
1254 956 1271 990 τ

156 1043 228 1104 alius
247 1040 333 1101 alium
357 1038 442 1101 animi
464 1051 575 1100 motum
591 1038 700 1111 trudit,
718 1051 819 1122 urget,
836 1038 873 1100 ita
894 1040 1067 1113 sententias,
1083 1061 1144 1101 uon
1160 1039 1222 1100 satis
1259 1054 1271 1083 ·“

157 1143 211 1204 sibi
229 1141 451 1224 respondentes,
469 1160 562 1220 neque
581 1138 696 1200 arctiori
719 1139 835 1202 vinculo
852 1142 979 1220 junctas,
995 1137 1096 1222 subjici
1113 1158 1224 1200 necesse
1258 1153 1271 1185 ⁴·

156 1257 211 1307 est.
227 1244 392 1307 Amatorem
407 1241 495 1302 modo
516 1241 670 1321 supplicem
688 1263 765 1313 esse,
783 1241 871 1301 modo
884 1239 1052 1322 superbire,
1068 1262 1146 1303 nunc
1158 1259 1222 1322 pre·

157 1345 233 1418 cari,
248 1342 414 1414 obsecrare,
433 1339 521 1400 modo
535 1342 646 1420 jurare,
663 1341 780 1413 minari,
801 1353 917 1412 tonare,
935 1340 1079 1401 interdum
1095 1339 1223 1412 laudare,

158 1445 307 1527 objurgare
317 1489 326 1520 ,
336 1442 452 1514 dolere,
466 1439 605 1522 gaudere,
618 1441 700 1502 irasci
710 1441 848 1504 videmus.
859 1444 967 1502 Nonne
979 1464 1045 1502 cum
1057 1439 1170 1502 ratione
1181 1442 1223 1500 in-

159 1545 279 1617 saniret,
292 1542 359 1625 qni,
373 1554 405 1601 ut
420 1541 450 1599 in
462 1539 558 1602 sedato
576 1539 712 1601 orationis
728 1560 852 1622 genere,
869 1539 945 1600 nulla
961 1537 1015 1600 nisi
1031 1551 1094 1617 apta
1105 1552 1135 1598 et
1153 1560 1225 1600 con-

158 1667 226 1706 nexa
237 1645 314 1704 inter
329 1666 359 1705 se
369 1641 497 1720 prolerre
511 1641 615 1701 vellet?
633 1643 731 1723 ltaque
742 1641 837 1700 mirari
851 1662 910 1701 non
922 1640 1056 1701 debemus
1068 1683 1077 1715 ,
1090 1639 1114 1701 si
1127 1639 1158 1699 in
1169 1640 1225 1702 ele·

158 1743 203 1828 gia
219 1743 355 1805 dissidere
365 1741 509 1803 interdum
523 1739 629 1821 aliquid
644 1751 673 1800 et
684 1740 779 1812 biarc,
793 1761 880 1821 eaque
895 1762 925 1800 se
937 1740 1066 1820 excipere
1078 1738 1223 1812 videmus,

159 1863 284 1923 quorum
299 1862 387 1902 nexus
402 1861 464 1901 non
480 1862 494 1899 a
511 1839 607 1900 subtili
625 1839 749 1921 jndicio,
766 1838 816 1897 scd
829 1836 863 1897 ab
874 1837 959 1897 animi
972 1837 1092 1898 districti
1108 1837 1185 1898 curis
1200 1847 1228 1897 et

161 1941 193 2001 in
208 1939 349 2002 contraria
363 1939 437 2022 rapti
450 1938 557 2016 impetu
571 1934 713 2019 proficisci
725 1936 829 2014 potuit.
842 1936 958 1997 Scilicet
968 1936 1085 2016 amantis
1095 1950 1157 1997 tum
1168 1958 1229 1998 sen·

160 2062 224 2101 sum
240 2041 320 2123 qnasi
332 2040 468 2114 induere,
487 2040 547 2122 ejus
564 2050 666 2099 statum
682 2048 711 2096 et
726 2035 922 2097 conditionem
933 2035 1027 2097 subire
1038 2048 1068 2097 et
1083 2048 1112 2096 te
1124 2035 1155 2097 in
1169 2037 1227 2118 ejus

162 2141 259 2204 locum
268 2145 299 2203 in
311 2143 404 2205 animo
418 2155 471 2205 tuo
483 2161 633 2223 surrogare
646 2138 740 2199 debes.
752 2139 828 2213 Quae
842 2160 931 2218 quum
944 2138 982 2197 ita
993 2159 1023 2198 se
1036 2139 1156 2210 babere,
1170 2158 1227 2199 non

161 2241 215 2304 leri
232 2242 339 2324 judicio
358 2242 513 2317 adductus,
527 2240 693 2315 arbitrarer,
706 2239 798 2299 alieno
816 2258 927 2316 semper
942 2238 983 2296 lui
998 2238 1120 2299 animoa
1137 2238 1229 2300 Scali-

162 2340 272 2423 geranis
288 2337 519 2419 trajectionibus,
535 2358 604 2418 quas
619 2335 816 2398 Bmulrlsusius
831 2348 888 2396 tam
904 2336 1005 2414 cupide
1017 2349 1062 2398 est
1077 2337 1230 2419 amplexus.

165 2437 223 2499 Sed
238 2436 381 2498 rideamus
395 2455 472 2495 nnnc
488 2434 524 2494 de
539 2435 599 2515 ejus
616 2436 781 2496 recensione
796 2437 986 2496 accuratius.»

208 2553 223 2582 a
236 2526 330 2600 Quam
340 2523 446 2586 infesto
454 2525 500 2588 vir
509 2547 636 2586 summus
647 2524 832 2585 lueritanimo
840 2526 871 2585 in
880 2525 1099 2587 Muretumsatis
1110 2536 1230 2588 constat·

166 2725 234 2777 louis
247 2735 272 2777 et
285 2723 401 2779 aliorum.
419 2724 563 2777 Translatus
575 2743 675 2797 qnoque
686 2726 718 2777 ad
731 2745 817 2779 seusus
833 2738 858 2778 et
869 2728 971 2779 allectus
985 2727 1063 2779 animi
1076 2746 1164 2778 eorum
1175 2745 1232 2779 nsua

166 2804 275 2857 multum
287 2803 425 2857 alementis
437 2805 533 2871 abluit,
547 2807 568 2860 si
580 2807 708 2878 Tyrtaeum
720 2809 873 2868 memineris.
884 2809 925 2860 Ad
939 2809 1066 2861 molliores
1076 2829 1163 2863 sensus
1175 2809 1232 2863 red·

168 2890 264 2943 dendos
275 2888 391 2943 adhibuit
403 2889 486 2963 elegos
500 2892 658 2957 Simonides,
670 2893 784 2944 nondum
796 2905 879 2945 tamen
892 2913 984 2964 genere
995 2893 1080 2964 aliquo
1092 2893 1232 2945 caminum

168 2976 303 3029 constituto
317 2976 375 3028 satis
389 2995 416 3028 ac
430 2973 542 3030 definito.
556 2979 642 3048 ltaque
654 2978 719 3030 inter
729 2979 873 3049 sequiorum
887 2978 960 3031 etiam
975 2991 1075 3032 aetatum
1093 2991 1178 3051 poetas
1190 2979 1233 3031 vi·

170 3061 239 3115 debis
252 3061 315 3115 alios
329 3081 420 3133 genere
432 3060 544 3135 ‘elegiaco
558 3083 615 3115 usos
627 3083 693 3126 esse,
708 3063 770 3116 alios
783 3063 873 3136 elegias
887 3064 1019 3138 scripsisse.
1031 3062 1125 3116 Peioris
1135 3064 1234 3134 generis

168 3159 248 3218 poetae
263 3145 431 3213 narrationes,
448 3146 573 3220 hymnos,
593 3161 617 3199 et
634 3138 683 3200 alia
701 3161 848 3221 argumenta
868 3147 916 3201 boc
932 3148 1041 3201 carmine
1060 3148 1232 3209 incluserunt;

169 3230 238 3304 qnod
249 3250 275 3283 se
288 3232 480 3284 commendabat
490 3233 602 3286 sensibus
615 3253 658 3302 per
670 3233 758 3286 breves
769 3234 882 3306 stropbas
894 3234 968 3286 facile
981 3234 1119 3307 expeditis;
1131 3236 1177 3287 etsi
1189 3253 1234 3286 nec

171 3317 202 3370 de
216 3337 246 3370 eo
255 3315 312 3370 satis
324 3317 427 3369 solliciti
440 3330 524 3381 erant,
539 3329 566 3368 ut
580 3319 729 3371 sententiam
740 3320 855 3394 stropha,
868 3340 912 3372 seu
922 3320 988 3372 binis
1001 3318 1112 3373 versibus
1122 3317 1234 3373 finirent

171 3403 270 3453 Verum
283 3415 334 3455 arte
349 3403 444 3476 poetica
455 3402 535 3472 magis
549 3401 655 3476 expolita
671 3416 695 3454 ct
707 3406 825 3457 carminis
842 3425 933 3477 genere
948 3405 1034 3474 aliquo
1052 3424 1080 3456 er
1094 3402 1236 3477 argumenti

172 3486 258 3540 indole
271 3500 294 3537 et
306 3487 456 3539 tractationis
468 3498 557 3538 natura
570 3487 705 3539 accuratius
717 3489 852 3539 constituto
864 3488 1017 3541 intellectum
1030 3501 1083 3554 est,
1101 3489 1181 3540 animi
1196 3489 1237 3539 al·

172 3575 251 3625 lectus
263 3570 390 3622 molliores
405 3584 525 3642 tanquam
539 3571 667 3623 materiem
679 3573 804 3645 propriam
820 3569 941 3643 subjectos
956 3571 1041 3644 elegiae
1055 3589 1122 3637 esse,
1145 3572 1173 3623 in
1187 3592 1237 3641 qna

172 3655 212 3707 illi
228 3653 378 3705 versandum
398 3669 468 3706 esset.
489 3657 544 3707 Nec
562 3668 645 3706 tamen
665 3656 731 3707 intra
746 3657 798 3727 ejus
812 3653 875 3707 lines
890 3657 996 3709 omnino
1014 3676 1039 3708 se
1057 3656 1241 3709 continuerunt

173 3741 297 3816 principes
311 3737 427 3790 carminis
438 3752 564 3807 auctores,
577 3739 704 3806 Callinus,
718 3741 903 3809 Mimnermus,
917 3741 1041 3807 Philetas,
1056 3741 1238 3805 Callimachus,

173 3839 299 3897 quantum
317 3844 345 3874 ex
365 3825 511 3895 fragmentis
528 3839 552 3876 et
565 3824 737 3877 aemulantium
756 3845 797 3877 eos
814 3841 942 3899 poetarum
959 3828 1131 3880 Romanorum
1147 3827 1239 3880 studiis

173 3910 340 3983 intelligitura
358 3909 393 3960 ita
407 3921 433 3959 ut
449 3906 555 3962 omnino
570 3915 621 3963 deso
635 3911 701 3963 inter
718 3931 743 3963 se
758 3912 856 3966 diversa
869 3917 1014 3968 caminum
1029 3933 1121 3983 genera
1139 3915 1241 3965 consti-

175 3996 269 4049 tuenda
281 4016 332 4049 esse
340 3995 486 4063 videantur,
496 3999 572 4048 alind
582 4017 660 4070 genus
671 3998 824 4070 elegiacum,
836 4013 936 4052 esterno
948 3997 1034 4052 babitu
1047 3999 1237 4071 etstropbarum

174 4083 294 4136 brevitate
307 4082 339 4136 ad
352 4081 449 4136 diversa
462 4096 607 4154 argumenta
626 4084 737 4137 adbibita
748 4085 872 4152 notabile,
886 4088 943 4138 alin
957 4084 1036 4158 elegia
1048 4086 1147 4158 proprie
1162 4085 1237 4140 dicta.
