2550 4972
213 683 474 748 contentus
503 683 557 746 ET
587 684 914 749 EDITlONlBUS.
1031 686 1094 748 xxix

60 812 163 887 Poccb03
181 818 254 879 Ant.
272 817 379 879 Perreii
395 817 608 900 recognitiones
622 817 773 896 adscriptos
786 818 907 901 margini
921 818 989 881 Atd.
1009 817 1096 881 1515.

62 913 121 976 ldcn
131 917 162 978 sb
175 917 297 979 Heinsio
313 917 381 979 olim
396 918 426 977 in
443 917 590 978 Tibullum
606 929 699 996 parata
712 931 875 996 acceperet:
892 918 996 979 librum
1011 918 1094 980 cher-

62 1021 157 1090 ltceun,
172 1015 310 1077 variantes
327 1016 464 1077 lectiones
477 1016 513 1077 ad
527 1016 661 1078 editionis
678 1016 869 1102 Gryphienae,
889 1040 954 1099 ques
969 1019 1000 1077 in
1014 1017 1096 1078 listi-

62 1127 185 1188 ursum,
200 1113 357 1197 marginem
371 1126 498 1189 notetus,
517 1115 682 1177 collationes
699 1115 776 1200 Aug.
791 1116 902 1178 Colotii
919 1116 999 1179 Bassi
1012 1129 1035 1190 ¹,
1052 1114 1098 1177 di·

62 1204 199 1287 ligentiores
220 1210 292 1284 illis,
317 1235 380 1292 quse
404 1211 496 1275 Statio
517 1212 712 1296 contigerant,
736 1213 793 1274 duo
814 1213 983 1285 Vaticnuoss
1007 1235 1097 1275 unum

62 1308 129 1372 lulrii
142 1311 244 1372 Ursini
257 1309 340 1372 etiam
355 1332 371 1370 e
384 1311 555 1374 bibliotheca
571 1313 718 1384 Vaticmm
736 1311 838 1373 librum
850 1324 992 1374 recentem
1006 1312 1098 1373 Scali-
1162 1397 1164 1400 Α

61 1407 116 1487 geri,
128 1431 188 1472 cum
200 1411 262 1493 ejus
279 1411 415 1494 excerptis
432 1423 462 1473 et
476 1412 644 1496 Cujacian03
662 1412 798 1476 variantes
816 1411 953 1473 lectiones
968 1411 1003 1472 sd
1019 1434 1097 1473 mar-

60 1504 132 1586 ginem
148 1512 283 1573 editionis
302 1514 421 1576 Venetus
447 1512 524 1598 1475
549 1513 682 1592 scriptas3
708 1525 837 1596 excerpts
855 1534 889 1574 ex
908 1524 1002 1576 vetere
1023 1513 1096 1575 libro

61 1603 100 1668 Ge.
112 1610 305 1698 l'slcoburgii,
318 1634 334 1673 e
348 1613 450 1694 quibus
467 1626 561 1675 tamen
578 1613 650 1675 nibil
664 1613 778 1674 allatum
791 1612 850 1676 vidi
860 1627 884 1671 2.
900 1614 945 1674 De
960 1625 1026 1676 toto
1039 1615 1098 1676 boc

61 1723 227 1790 uttrptsrum
242 1712 413 1777 variantium
426 1712 582 1776 lectionum
595 1735 700 1797 genere
716 1714 909 1787 monendum,
926 1736 1025 1798 magus
1036 1713 1098 1776 cir-

61 1813 248 1894 despectione
271 1827 302 1875 et
321 1815 452 1875 erutione
464 1837 560 1878 earum
578 1837 662 1876 usum
676 1814 814 1900 indigere.
836 1816 910 1876 Nam
929 1813 1052 1893 primum
1065 1836 1099 1878 es

60 1926 102 1969 uuo
115 1913 262 1996 exemplari
275 1913 427 1991 descriptae¹
444 1926 474 1975 et
487 1914 628 1976 unuslatae
647 1913 706 1974 lere
722 1926 790 1975 sunt
808 1915 839 1975 in
854 1914 934 1997 plura
947 1914 1019 1989 alia,
1044 1915 1099 1975 ad-

61 2003 101 2068 lllt
111 2010 142 2074 iis
157 2015 261 2095 possim
271 2033 288 2072 a
298 2011 368 2074 viris
382 2012 478 2075 doctis·
490 2012 561 2088 alis,
576 2036 641 2095 quae
654 2012 694 2086 ii,
711 2013 761 2094 qui
774 2011 985 2088 describerent,
998 2027 1027 2074 et
1037 2013 1100 2096 ipss

60 2098 113 2166 luter
126 2108 287 2172 umentem
298 2108 431 2170 lectionis
447 2108 596 2171 relerreut.
614 2111 657 2170 ltu
671 2108 701 2170 in
711 2109 835 2183 Poccbi‚
854 2109 965 2172 Colotii
981 2122 1010 2170 et
1022 2111 1099 2172 Pcr-

60 2202 97 2264 nii
106 2209 239 2292 exemptis
252 2209 425 2272 lectionibus
438 2212 536 2272 multae
549 2223 617 2271 sunt
629 2209 758 2272 virorum
772 2210 925 2273 doctorum
940 2211 1101 2273 correctio-

61 2320 95 2364 nes
106 2308 146 2370 sel
156 2308 353 2387 suspiciones,
372 2309 460 2370 mults
471 2309 522 2371 alia
539 2332 572 2371 ex
586 2308 730 2372 veteribus
746 2309 935 2384 editionibus,
951 2310 1034 2371 etism
1048 2310 1102 2370 At-

61 2399 128 2484 lits,
142 2410 301 2492 adscripto,
316 2431 381 2491 quse
392 2430 538 2490 perperam
553 2430 606 2486 pro
623 2430 696 2475 noea
711 2408 844 2470 codicum
858 2409 990 2473 veniente
1008 2409 1102 2472 bobila

60 2519 114 2568 unc
127 2513 290 2594 lnspexerst
305 2509 389 2571 etiem
399 2508 536 2569 Heinsius
547 2508 605 2568 (luo
618 2504 731 2570 codices
746 2507 926 2572 bibliothecce
938 2510 1102 2576 bodleiana

60 2618 82 2662 lt
101 2607 175 2672 dono
197 2607 417 2686 Arcbiepiscopi
438 2606 649 2669 centuariensis
676 2609 817 2688 (quorum
840 2609 910 2671 alter
937 2609 1013 2672 idem
1023 2629 1101 2673 ‘cuns

59 2695 176 2769 leudensi
189 2728 252 2770 esse
268 2705 401 2786 debuit);
422 2719 479 2767 tres
495 2705 606 2768 codices
617 2705 836 2789 Arcbiepiscopi
849 2707 1054 2785 Eborsceusis,
1072 2722 1103 2774 et

57 2792 300 2881 inlusurum,
317 2804 461 2879 omnium,
479 2826 552 2886 quos
568 2803 695 2878 viderat,
711 2803 944 2866 vetustissimum.
959 2808 1005 2868 Es
1019 2808 1100 2890 ejus-

56 2896 315 2979 landemarii„
332 2906 482 2982 posthaec
498 2905 665 2965 Burmanno
684 2903 819 2966 Secundo
842 2903 873 2965 in
897 2905 990 2968 lucem
1011 2908 1100 2984 datis,

54 3019 135 3086 uput,
146 3005 179 3067 in
191 3029 250 3088 quo
262 3005 351 3066 multa
364 3004 465 3068 Nostri
476 3004 653 3065 illustrantur
666 3002 747 3083 (libri
760 3004 851 3086 quarti
864 3027 877 3065 1
892 3018 921 3066 et
930 3010 982 3086 2),
998 3009 1101 3094 adjecit
1228 3070 1230 3075 ,

52 3100 156 3168 eddoni
177 3128 238 3168 sucu
259 3102 475 3176 Broulbusius3
497 3103 566 3177 item
587 3115 669 3164 notos
690 3102 820 3179 Heinsii,
841 3103 872 3165 in
891 3105 992 3187 quibus
1011 3131 1100 3190 quum

51 3205 201 3291 uultaeejus
209 3205 441 3279 emendetiones,
451 3204 510 3267 lere
518 3217 612 3265 tamen
620 3203 779 3286 ingeniosae
789 3205 902 3284 potius,
915 3230 997 3289 quarn
1008 3229 1099 3285 verre,

52 3320 237 3386 apponuntur,
252 3319 332 3383 tum,
348 3319 452 3386 praeter
468 3307 604 3370 unientes
620 3306 704 3366 Statii
718 3320 748 3368 et
759 3307 912 3391 scaligeri,
929 3323 1101 3389 excerptcex

52 3399 111 3467 libro
126 3406 266 3470 Sebefferi
279 3406 436 3467 laudantur.
455 3410 565 3468 Inserta
576 3406 611 3466 iis
621 3407 704 3468 etiarn
721 3427 767 3482 es,
787 3431 878 3491 quaea
893 3411 1026 3495 Guycto,
1042 3412 1101 3477 sire

53 3504 217 3590 cxingenio,
234 3507 294 3569 sive
309 3528 324 3567 e
338 3505 412 3567 libro
428 3504 560 3580 Tbusni,
573 3526 607 3567 ex
619 3507 775 3585 excerptis,
791 3509 888 3571 nescio
899 3509 1020 3592 quibus,
1036 3512 1101 3573 rudi

54 3601 105 3665 ttilo
119 3605 291 3689 conscriptis
307 3619 363 3668 ete
378 3606 477 3668 codice
492 3606 602 3692 Regio,
619 3606 650 3666 iu
665 3609 808 3668 Nostrum
820 3621 917 3670 notata
928 3609 1048 3670 lucram.
1063 3635 1078 3665 s

85 3703 148 3765 «Jo.
155 3706 226 3768 Ant.
236 3705 266 3766 V
263 3707 369 3787 ulpius,
379 3702 530 3766 Professor
542 3704 839 3789 Gymnesiil’atesini,
849 3706 896 3767 sir
903 3705 1083 3769 doctissimus
1092 3751 1107 3785 ,.

10 3844 12 3857 ι
57 3798 214 3887 Soligerens
223 3805 384 3868 luxatorum
395 3803 550 3867 oerminum
561 3803 783 3883 transpositione
791 3802 896 3864 iterum
904 3806 1008 3887 ejecta,
1018 3805 1105 3870 etism

10 4000 13 4053 l
78 4040 136 4095 'De
151 4042 222 4114 cujus
235 4040 313 4117 opere
324 4042 353 4097 in
370 4042 497 4098 codicibus
513 4043 678 4098 emendandis
691 4063 716 4097 v.
728 4041 820 4097 blebus
835 4043 864 4097 in
877 4043 939 4098 viu
952 4045 1081 4099 Ambrosii
1092 4085 1106 4113 „

55 4140 97 4197 Η·
108 4147 161 4200 ’Ψ
658 4186 662 4191 ,
967 4138 970 4143 ¹

78 4234 88 4264 ²
100 4235 195 4289 Eodem
205 4237 257 4290 fere
267 4247 386 4311 sppmtu
399 4237 531 4292 instructus
544 4239 592 4291 luit
602 4238 632 4291 P.
646 4238 786 4294 Burrum.
798 4239 827 4293 in
841 4259 909 4293 nors
923 4238 1047 4312 Propertii
1059 4257 1103 4290 re-

53 4319 155 4374 censione
164 4343 190 4376 v.
199 4323 270 4397 pret
283 4321 414 4392 Sentenii,
430 4322 458 4377 in
469 4342 519 4397 qus
532 4343 590 4378 cum
602 4324 633 4380 cle
646 4324 733 4380 ceteris
740 4365 749 4394 ,
761 4335 816 4380 tum
828 4325 951 4399 precipue
965 4323 996 4377 de
1007 4323 1113 4377 Perreii

52 4407 156 4481 userptis
170 4419 284 4463 securste
295 4407 385 4480 egitur.
