2550 4972
120 878 607 1003 rnnrauvo
660 797 1106 1000 anmoins.

472 1142 758 1174 *—

83 1447 280 1551 SOMNIIS
290 1473 434 1568 agitatus
446 1499 546 1572 qnam
558 1470 794 1558 infestissimis,
809 1472 851 1546 de
866 1471 1150 1574 typographorum

81 1588 119 1659 in
137 1614 188 1659 me
201 1584 329 1661 delictis
343 1584 505 1682 integram
516 1602 648 1659 noctem
663 1585 859 1682 cogitabam.
875 1583 929 1658 llli
943 1585 1030 1659 enim
1044 1615 1152 1688 nuper

82 1702 222 1778 lineolas
240 1702 367 1804 aliquot
386 1703 467 1776 mihi
489 1704 535 1776 ita
552 1702 829 1792 deformaverant,
848 1723 887 1778 ut
908 1703 976 1778 sere
992 1710 1152 1799 jurassem

80 1851 136 1895 me
158 1822 193 1894 in
210 1838 380 1922 posterum
398 1849 416 1894 a
441 1818 528 1922 stylo
547 1822 590 1894 'ac
615 1819 727 1895 charta
745 1850 860 1896 manus
882 1821 1000 1924 procul
1020 1821 1153 1897 babitu-

81 1968 168 2014 rum.
186 1936 278 2012 Nihil
293 1937 429 2011 omnino
443 1955 509 2025 est,
527 1938 617 2040 quod
631 1966 753 2034 aegrum
768 1940 963 2041 scriptorem
975 1940 1079 2037 magis
1096 1966 1153 2013 ex·
1193 1938 1197 1945 ’

82 2054 229 2129 cruciare
253 2047 378 2155 possit,
405 2083 503 2155 quam
525 2055 656 2156 ineptia
672 2056 758 2143 istae,
782 2055 922 2157 quibus,
948 2054 1028 2129 velit
1046 2053 1152 2144 nolit,

83 2191 244 2261 onustus,
264 2172 300 2245 in
313 2172 456 2246 medinm
469 2172 604 2274 prodire
621 2172 764 2268 cogitur,
784 2171 921 2246 inscitiae
932 2191 1032 2274 atque
1049 2169 1155 2247 insul·

84 2290 193 2365 sitatis
209 2287 475 2362 accusationibus
496 2287 567 2388 ipse
584 2287 766 2376 obnoxius,
786 2289 865 2363 dum
882 2288 931 2362 illi
948 2289 1034 2362 curis
1052 2287 1155 2361 soluti

83 2410 152 2482 hoc
170 2424 298 2480 tantum
314 2406 348 2478 in
365 2405 473 2480 animo
489 2404 631 2492 habent,
649 2422 686 2477 nt
702 2410 765 2495 jam
781 2433 904 2478 novum
919 2422 1087 2479 auctorem
1103 2403 1155 2478 di-

83 2521 242 2595 lacerent.
268 2522 351 2594 Erat
371 2548 463 2606 sane,
483 2548 542 2592 eur
557 2536 677 2591 memet
692 2519 809 2591 anxius
831 2516 897 2591 huc
918 2516 996 2590 illuc
1016 2518 1052 2589 in
1067 2516 1154 2591 lecto

83 2633 287 2717 volutarem
319 2630 520 2735 typographi
543 2632 628 2705 enim
653 2630 728 2706 loco
754 2633 928 2707 Cattornm
953 2660 1038 2733 quos
1066 2633 1154 2707 inter

85 2752 206 2826 Persas
233 2769 349 2838 ortos,
376 2752 412 2822 in
440 2748 648 2824 Germaniam
671 2749 829 2846 migrasse
851 2749 1019 2838 dixeram,
1043 2749 1154 2825 Celtas

83 2888 223 2945 nostros
240 2870 281 2944 ad
301 2869 459 2943 orientem
475 2865 579 2941 solem
595 2864 827 2963 relegaverant
847 2869 896 2941 At
911 2868 972 2942 ista
992 2868 1071 2942 dum
1090 2887 1155 2943 tre-

85 2984 201 3086 pidam
206 3001 349 3056 mentem
357 2981 536 3078 exagitant,
542 2981 654 3084 pressit
661 2979 828 3082 languentes
835 2982 951 3055 lucrino
958 3010 1026 3056 sero
1034 2983 1133 3084 ῳιιίεΙ
1146 3015 1155 3056 :

87 3128 163 3173 ecce
175 3095 332 3171 Tibullus
342 3098 414 3198 ipse
429 3113 474 3171 est
488 3098 573 3172 uisus
584 3112 688 3171 nostro
694 3125 808 3200 ponere
818 3096 889 3171 sede
898 3096 1008 3200 pedem
1019 3107 1049 3184 ²;
1066 3098 1156 3173 hunc

87 3242 181 3317 pone
194 3212 394 3314 sequebatur
407 3212 636 3287 venustissima
654 3212 763 3314 puella
777 3245 784 3289 :
805 3215 880 3317 quis
893 3244 962 3289 non
974 3216 1083 3316 primo
1096 3216 1156 3293 ad-

89 3347 209 3430 spectu
222 3328 350 3403 Deliam
362 3330 572 3426 agnovisset?
583 3327 675 3404 Talis
689 3330 775 3413 enim
789 3348 875 3418 erat,
890 3330 997 3432 qualis
1013 3330 1156 3406 describi

90 3476 163 3521 non
180 3465 315 3548 potest;
340 3447 390 3521 vel
409 3446 515 3551 qualis
533 3447 611 3535 tibi,
629 3447 730 3521 amice
746 3446 867 3534 lector,
890 3448 977 3522 inter
992 3449 1156 3526 ferventes

89 3564 214 3636 amoris
226 3579 325 3636 astus
335 3560 392 3635 illa
403 3561 590 3648 videbatur,
604 3560 656 3634 cui
666 3561 809 3662 primum
819 3562 948 3651 dixisti,
960 3577 994 3635 tu
1006 3560 1158 3637 mittola

84 3677 228 3779 places³.
242 3679 326 3751 Post
337 3684 468 3774 januam
479 3677 627 3751 Nemesis
640 3678 784 3766 adstare,
794 3685 951 3778 juxtaque
959 3679 1068 3777 imago
1076 3707 1160 3777 vaga

90 3826 130 3871 ae
140 3792 1159 3897 incerta‚modoGlycerae,modoNeaeraenomenmentita.llul-

91 3912 147 3986 lus
158 3910 227 3987 lere
237 3909 351 3985 aberat
362 3939 474 3985 eorum
485 3910 543 4012 qui
552 3910 587 3985 iu
597 3927 704 4011 poetae
712 3910 911 3986 carminibus
918 3930 1158 3999 memorantur,

91 4026 554 4130 nisilorteMarathns,qnem
562 4027 678 4103 abesse
685 4029 883 4125 gaudebam,
894 4047 926 4104 et
933 4029 1092 4118 Messala,
1102 4030 1160 4132 qui

128 4270 137 4299 ¹
156 4265 211 4318 Liv.
225 4264 279 4333 lll,
293 4264 334 4320 El.
347 4281 389 4332 tv,
401 4285 426 4318 v.
440 4284 478 4319 aa.

128 4376 143 4405 ²
158 4373 237 4436 Ibid,
252 4393 277 4426 v.
288 4374 328 4440 ²4.

151 4484 206 4539 Lib.
219 4486 274 4552 Ν,
287 4483 329 4538 El.
342 4498 403 4554 1111,
418 4504 442 4536 v.
456 4483 479 4537 3.
