2580 5002
205 665 530 735 ELEGIARUM
557 667 655 735 LIB.
685 671 714 737 1.
741 672 892 742 ELEG.
923 679 975 744 ΙΙ.
1080 679 1119 746 3ι

104 807 189 880 Mox
208 806 289 892 tibi;
307 835 374 880 non
391 804 450 880 nni
466 809 575 882 saeviet
589 838 695 909 nsque
715 810 804 886 deus.
1089 857 1124 911 9⁰

54 919 135 993 Vidi
151 947 213 1016 ego
236 920 295 1020 qui
309 921 466 1019 juvenum
481 922 621 997 miseros
635 922 770 999 lusisset
785 954 930 1016 amores,

106 1037 190 1109 Post
201 1036 346 1132 ,Veneris
363 1035 479 1110 vinclis
497 1037 639 1114 subdere
655 1039 739 1115 colla
756 1069 887 1132 senem,

56 1154 103 1225 Et
121 1152 187 1225 sibi
204 1150 383 1226 blanditias
402 1150 538 1226 tremula
555 1181 754 1258 componere
769 1187 869 1248 voce,

105 1270 151 1341 Et
166 1268 321 1343 manibus
338 1297 435 1343 canas
450 1269 574 1368 lingere
591 1271 673 1346 velle
686 1301 815 1364 comas3

56 1384 150 1459 Stare
167 1412 228 1460 nee
245 1403 320 1459 ante
333 1384 421 1460 fores
436 1385 576 1487 puduit,
594 1416 711 1464 caraeve
727 1389 845 1491 puelle

104 1497 273 1574 Ancillam
290 1497 401 1574 medio
419 1501 598 1577 detinuisse
611 1503 696 1607 loro.

56 1619 159 1691 Hunc
172 1645 272 1718 puer,
289 1618 379 1693 hunc
392 1619 523 1719 juvenis
543 1621 640 1696 turba
659 1623 860 1723 circumterit
875 1624 965 1714 arta,

106 1734 254 1835 Despuit
271 1735 305 1807 in
320 1733 440 1860 nqolles
457 1753 490 1811 et
506 1737 572 1811 sibi
588 1708 850 1842 quisqueldiili'.

110 1825 190 1889 W}
204 1824 339 1901 &Ues‘l'l’q
374 1829 527 1913 'eq-iusque.

56 1929 112 1984 siet
131 1930 315 2001 usquedum,
338 1955 352 1980 u
372 1933 483 1987 omnino
499 1934 564 2004 reji-
615 1938 669 2009 geri
678 1939 993 1997 emendationem.»Nos
1000 1961 1064 1996 vero
1071 1944 1126 1998 rul-

57 2006 185 2076 tiendus,
205 2007 271 2062 nibil
288 2009 363 2063 enim
373 2010 422 2065 bac
433 2011 567 2082 interpre·
614 2018 860 2088 gatamscripturam
867 2038 1018 2088 sequamur,
1026 2039 1077 2090 qua
1088 2020 1128 2073 ni·

57 2086 159 2138 tatione
180 2086 327 2156 languidius
346 2087 458 2142 inveniri
471 2101 565 2159 potest.
614 2093 652 2147 hit
659 2093 892 2166 laciliusprocedit.
900 2098 982 2150 Poeta
994 2098 1066 2150 enim
1079 2117 1125 2152 eos

57 2163 176 2234 Scaliger
188 2182 279 2218 veram
292 2164 391 2218 Tibulli
407 2167 567 2222 sententiam
615 2173 1126 2244 maximevituperatquijuvenes‚aman·

56 2242 232 2298 subodoratus
238 2255 277 2298 est
285 2266 292 2308 ;
300 2245 388 2299 locum
401 2246 471 2299 enim
481 2248 516 2300 sic
525 2248 567 2300 in·
615 2251 682 2304 tium
694 2252 761 2304 mala
773 2253 901 2316 irrident;
920 2253 1042 2322 idemque
1055 2254 1124 2308 vati·

58 2332 232 2392 terpretatur,
243 2345 256 2370 α
268 2322 368 2377 Caveto
377 2323 503 2390 Mortibi,
511 2344 566 2379 non
617 2327 720 2381 cinatur
728 2327 832 2394 lore,ut
839 2349 914 2384 senes
923 2330 1002 2383 iidem
1012 2332 1127 2400 aliquan·

57 2416 128 2453 uuus
140 2400 229 2455 sevies
245 2418 327 2469 usque
346 2399 426 2466 deus,
444 2421 457 2447 s
472 2400 497 2453 id
510 2411 565 2466 est,
617 2406 652 2459 do
670 2406 783 2459 Veneris
796 2408 858 2475 jugo
876 2405 941 2460 colla
961 2408 1126 2464 submittant.

59 2500 73 2524 a
86 2479 150 2532 Non
160 2497 379 2547 unusacsemper
389 2478 437 2532 sibi
446 2489 567 2532 constans
617 2483 1125 2554 ludenenimidemesthoclocoquam

57 2559 109 2613 erit
119 2556 163 2612 ille
173 2558 256 2625 dens,
269 2576 357 2627 neque
367 2558 395 2611 in
404 2559 512 2610 unicum
524 2577 567 2611 me
616 2561 975 2635 e'm‘derffleyniusjueeuum
981 2583 1079 2618 amam
1086 2585 1128 2622 κ.

56 2639 154 2693 saeriet.
168 2635 351 2704 »Huschkiuq
359 2635 431 2689 nulla
440 2635 567 2689 librorum
616 2638 669 2693 sive
686 2639 842 2708 explicatu
864 2657 960 2707 nempe
981 2640 1074 2710 quibus
1096 2642 1125 2696 in

58 2715 213 2770 auctoritate
224 2714 322 2780 fretus,
337 2714 415 2768 verba
426 2733 477 2767 uon
487 2734 568 2768 uanus
617 2717 714 2787 puellas
721 2717 1127 2786 ferunturzquocircaSantenius

57 2794 129 2866 quod
141 2793 262 2865 plurimis
276 2792 357 2856 inest,
372 2792 401 2846 in
411 2813 462 2846 uon
473 2813 568 2847 uacuus
617 2796 690 2850 illum
700 2815 839 2866 perperam
850 2795 1022 2866 reprehendit
1032 2818 1039 2862 ;
1051 2803 1129 2866 quasi

56 2873 198 2939 immutat,
217 2871 318 2940 sibique
340 2871 474 2940 Propertii
493 2870 567 2926 disti·
616 2874 999 2943 idargeuleaeessetlatinitatet.
1011 2875 1122 2931 Santen.

56 2953 126 3007 ebon
136 2950 220 3006 fulcro
225 2951 316 3018 sumit,
325 2951 396 3020 quasi
406 2970 500 3005 omues
509 2971 568 3020 poe·
617 2954 658 3008 bic
673 2960 836 3030 recuperatus
848 2953 1037 3023 subintelligit,
1050 2955 1125 3010 etsie

57 3043 91 3086 te
104 3031 199 3086 iisdem
209 3030 296 3084 verbis
314 3029 354 3082 usi
370 3040 470 3090 essent,
492 3049 566 3084 more
617 3032 683 3085 banc
703 3031 912 3084 venustissimam
933 3031 1050 3102 Elegiam
1070 3033 1125 3087 ἰω-

57 3111 165 3178 orium,
180 3129 240 3180 quo
251 3129 305 3162 una
317 3119 374 3180 post
385 3104 511 3175 alteram,
529 3108 568 3161 ri·
616 3111 680 3163 dum
692 3110 720 3163 in
733 3109 843 3163 modum
852 3110 1021 3165 contaminat.

58 3210 123 3245 vum
136 3190 283 3257 eumdem,
299 3190 393 3244 eodem
403 3191 513 3261 vestigio
524 3191 568 3243 in·
647 3190 688 3262 93.
702 3190 798 3242 Etsr'bs'
811 3191 951 3242 blanditias
963 3198 1011 3241 etc.
1026 3188 1126 3244 Secum

56 3269 135 3335 nise,
143 3269 300 3322 transiliunt.
310 3269 365 3321 Nos
375 3266 514 3321 lectionem
524 3271 573 3320 uui
615 3264 790 3336 premeditari
807 3283 944 3318 sermones
962 3266 1102 3320 amatorios
1115 3305 1125 3334 ,

56 3369 90 3404 ex
100 3349 279 3403 vetustissimis
287 3347 388 3401 Perreii
395 3346 522 3416 excerptis
528 3365 568 3398 re·
616 3342 710 3412 quibus
722 3341 841 3395 animum
855 3343 948 3412 puellae
962 3343 1125 3412 aggredere·
1173 3374 1182 3386 ·

56 3424 224 3490 vocavimus,
246 3423 417 3492 probantibus
436 3424 473 3475 H.
491 3425 567 3476 Voss.
617 3428 660 3472 tur
671 3437 678 3471 t
689 3420 725 3473 ita
735 3419 969 3492 quoqueVulpius.
980 3421 1042 3473 Non
1054 3420 1124 3474 bene

56 3504 157 3557 Bauer.
163 3500 358 3556 Wunderlieb·
366 3511 393 3554 et
400 3500 479 3555 Eacb.
488 3499 568 3554 Codi·
616 3499 747 3553 Brouclrb.
760 3498 796 3554 de'
808 3499 904 3569 Elegiis
915 3498 1046 3552 amatoriis
1057 3498 1126 3552 acci-

56 3602 102 3637 ces
116 3579 173 3634 lere
183 3598 275 3634 omues
287 3581 417 3635 uauusvel
425 3601 492 3635 uuus
500 3581 570 3635 exbi-
615 3580 660 3649 pit.
672 3580 765 3632 Hm.

55 3661 142 3726 bent,
154 3656 200 3712 sed
219 3677 310 3713 suase
322 3659 457 3727 scripturn
468 3659 567 3713 mendo
648 3659 688 3729 qd.
706 3659 784 3709 Velle.
797 3655 929 3709 Brouckb.
941 3664 967 3708 et
978 3654 1126 3727 Heyn.exi·

56 3749 152 3794 natum
170 3735 275 3791 ridetur
288 3756 295 3790 ε
310 3737 409 3791 sessim
425 3737 568 3792 adheserat
615 3733 722 3786 stimant
731 3732 864 3784 abundare
876 3731 926 3784 boc
936 3728 993 3784 loco
1005 3739 1030 3785 eo*
1043 3735 1122 3796 uelle,

55 3839 89 3874 er
99 3817 312 3887 sequentium,
324 3824 383 3869 tum
389 3823 448 3871 uass
454 3815 527 3871 facile
538 3817 566 3870 in
616 3809 662 3864 sed
674 3829 821 3880 perperam.
832 3809 920 3862 Senex
931 3810 1003 3862 enim
1018 3810 1066 3862 etsi
1077 3828 1125 3864 co-

55 3914 123 3950 ms
131 3904 272 3948 mutatum.
616 3909 672 3943 mas
684 3888 784 3959 lingere
797 3888 868 3955 vult,
879 3906 933 3941 non
949 3898 1042 3957 potest.

71 3975 319 4044 gumias-..ete
327 3968 569 4039 Scaligerimmuta·
649 3965 1125 4042 quiremus.lnquibusdammd.

54 4051 94 4105 vit
102 4050 172 4105 hane
182 4050 326 4122 genuinam
334 4048 475 4103 lectionem
485 4090 493 4119 ,
503 4051 568 4105 ses-i-
616 4043 712 4114 legitur
721 4050 895 4106 circumstetit,
909 4045 937 4097 in
950 4043 1004 4098 aliis
1017 4050 1127 4098 cuicum-

54 4129 160 4199 psitque
176 4152 190 4175 s
204 4128 268 4182 Vidi
278 4147 329 4199 ego
336 4128 381 4198 qui
389 4129 515 4195 juvenem
526 4149 569 4189 se·
616 4131 690 4179 seuit.
707 4123 823 4193 Scaliger
840 4142 872 4176 ex
883 4123 991 4192 ingenio
1013 4128 1127 4176 circus:-

53 4208 335 4262 rosdesissetamores.
346 4207 422 4262 »Sed
430 4209 568 4276 conjectu·
616 4210 707 4274 strepet
721 4203 845 4274 reposuit.
860 4205 1036 4258 Circesium
1054 4203 1127 4257 idem

55 4306 117 4342 ram
126 4289 208 4342 textui
217 4288 360 4342 obtrudere
368 4305 425 4341 non
436 4306 513 4340 ausus
522 4297 570 4342 est.
617 4295 657 4340 est
668 4284 738 4356 quod
747 4302 872 4353 premere,
887 4303 980 4352 urgere.

56 4366 194 4421 Brouckh.
203 4366 277 4436 quasi
286 4370 405 4421 Μουσιὼν
412 4404 420 4431 ,
427 4363 569 4418 exclamat:
650 4365 691 4437 9⁸.
701 4366 812 4430 Despuit
817 4369 845 4416 e'ss
857 4373 906 4417 etc.
916 4363 1011 4417 Nescio
1018 4378 1071 4430 quo
1078 4361 1128 4413 im-

57 4468 72 4492 «
90 4445 154 4500 Nou
165 4463 271 4514 possum
287 4462 344 4499 non
354 4442 477 4514 amplecti
487 4440 572 4497 Scali-
617 4441 740 4497 mutandi
756 4440 887 4498 desiderio
899 4451 990 4511 captus
1006 4439 1042 4493 H.
1053 4440 1127 4492 Voss.
