2550 4972
232 688 496 750 CODlClBUS
524 688 583 748 ET
614 686 947 758 Enltlotttsstffi.
1068 689 1133 772 xxiij

58 817 194 881 tionibus
206 864 215 896 ,
225 819 329 901 partim
348 820 402 879 viri
418 819 497 881 docti
518 819 644 902 judici03
663 840 727 879 nsm
750 819 841 879 codex
857 820 978 900 scriptus
993 821 1136 883 adbibitus

60 942 124 983 non
138 941 202 982 esse
215 920 337 981 videtur.
359 922 490 983 insecuta
504 929 549 982 cst
570 942 594 980 a.
615 919 712 994 1515,
728 922 819 980 altero
834 920 960 994 Aldina,
979 943 994 981 s
1019 922 1133 984 doctis-

61 1019 137 1082 simo
152 1018 218 1082 viro
234 1028 348 1090 eunte,
368 1030 397 1077 et
412 1039 523 1100 magno,
535 1018 704 1080 eruditionis
721 1031 853 1100 apparatu
869 1032 1015 1093 correcto,
1033 1020 1056 1080 si
1073 1037 1134 1082 nou

62 1119 141 1182 tibris
157 1118 273 1202 seriptis
290 1119 456 1196 comparatis
466 1162 476 1191 ,
488 1118 542 1180 etsi
552 1132 582 1180 et
595 1119 652 1182 boc
664 1140 725 1181 esse
735 1119 840 1180 baum
850 1120 1001 1203 probabile
1006 1121 1055 1197 iit,
1068 1122 1133 1184 crisi

61 1233 158 1280 temen
173 1217 292 1288 subtili,
307 1228 352 1293 et,
365 1216 388 1278 si
403 1238 492 1299 poure
508 1217 642 1300 excipias,
660 1218 745 1281 felici.
764 1222 799 1280 ln
816 1220 868 1281 bac
885 1221 1012 1284 editione
1033 1221 1137 1283 sublsti

62 1327 131 1377 sunt
146 1327 196 1376 sut
207 1313 347 1376 asteriscis
361 1313 453 1374 notati
470 1314 597 1396 plerique
614 1338 648 1378 ex
659 1317 787 1379 versibus
805 1317 1014 1400 supposititiis,
1027 1330 1058 1378 et
1069 1339 1135 1379 orn-

59 1418 134 1479 nino
152 1419 257 1499 isdum
272 1425 317 1477 est
329 1413 516 1477 emendatiori
528 1414 637 1477 Tibulli
653 1414 772 1478 lectioni
786 1415 999 1476 lundsmentum
1012 1416 1134 1493 precla-

59 1539 136 1577 rmn.
151 1515 328 1577 Aiterutrnu
348 1534 381 1574 ex
400 1515 445 1575 bis
466 1513 579 1576 Aldiuis
603 1527 708 1577 seeutae
734 1528 802 1576 suut
818 1514 959 1576 editiones
982 1528 1133 1597 sequentes
1198 1563 1201 1571 .

59 1635 181 1687 omnes,
197 1612 267 1689 sed,
280 1611 360 1694 quod
373 1612 479 1673 mirum
495 1623 554 1685 est,
571 1611 686 1674 delectu
700 1634 761 1673 non
779 1633 891 1694 semper
909 1632 974 1672 curn
989 1611 1067 1675 bono
1084 1617 1134 1695 ju-

59 1712 137 1775 dicio
149 1710 224 1774 fecto
235 1735 244 1774 ι
255 1734 318 1772 ιιιιιι
329 1713 472 1790 priorem,
483 1711 570 1773 alters
579 1712 653 1774 haud
665 1710 750 1774 dubie
761 1713 848 1795 longe
859 1710 1040 1788 inferiorem,
1050 1713 1134 1774 unire

57 1832 221 1890 expressere
246 1811 422 1874 Colinsennoe
441 1824 471 1873 et
495 1810 688 1882 Basileenses3
705 1810 820 1871 alteram
841 1805 936 1872 autem
951 1811 1060 1872 Veneta
1082 1832 1133 1889 per

59 1915 181 1975 Scotum
199 1910 292 1996 1549,
308 1926 338 1975 et
354 1914 546 1996 Gryphianus,
563 1932 685 1974 numero
706 1913 810 1994 plures.
829 1915 890 1973 Nec
911 1911 1064 1994 quicquam
1079 1915 1131 1973 in-

57 2010 275 2075 novatum-vicii
298 2023 364 2073 ante
387 2013 532 2072 Mutrium
549 2034 560 2071 :
577 2012 625 2072 cui
644 2012 811 2075 doctissimo
829 2013 894 2072 siro
916 2009 1050 2072 Tibullus
1072 2035 1133 2075 non
1181 2009 1185 2016 ’

58 2133 160 2192 pmm
169 2109 273 2182 debet,
284 2110 347 2188 plus
364 2111 448 2171 aium
466 2110 568 2173 debere
579 2123 736 2188 putaretur,
751 2111 806 2172 nisi
818 2111 946 2193 Scaliger
961 2133 1026 2172 enm
1040 2110 1134 2173 debite

58 2209 140 2271 laude
159 2194 323 2270 intulisset.
339 2210 412 2270 Nam
431 2209 523 2275 editus
542 2222 585 2269 est
602 2230 621 2268 s
634 2209 733 2271 Paullo
756 2210 904 2283 Manutio,
921 2222 969 2273 sut
987 2211 1085 2272 verius
1098 2232 1132 2272 ex

57 2307 103 2369 ed.
114 2307 221 2369 Aldine
233 2307 320 2369 altere
332 2309 488 2390 repetitus,
504 2330 529 2369 s.
547 2305 625 2369 1558
632 2354 643 2382 ,
654 2307 788 2370 Tibullus
799 2331 864 2369 curn
877 2308 992 2370 Catullo
1009 2320 1038 2370 ct
1054 2308 1131 2369 Pro·

58 2408 153 2489 petio
161 2429 179 2468 s
188 2410 306 2470 Murem
321 2407 474 2492 diligenter
485 2409 636 2492 castigatus
647 2452 656 2484 ,
669 2408 743 2471 libro
755 2409 854 2491 utique
864 2431 925 2470 uno
938 2420 968 2470 et
978 2408 1069 2468 altero
1083 2407 1131 2469 etl

59 2507 171 2584 bibito,
181 2530 242 2570 uno
258 2507 356 2570 seiten
372 2530 457 2592 quem
468 2530 554 2569 snum
570 2509 702 2592 appellen
715 2509 765 2570 sed
776 2508 978 2581 consuluerat,
991 2518 1129 2589 quantum

59 2608 272 2691 comparatione
289 2608 440 2692 diligenter
454 2608 525 2670 lecta
541 2608 686 2679 intellexi,
700 2608 766 2668 hinc
776 2606 857 2669 illinc
869 2607 1010 2669 editiones
1021 2618 1131 2669 veteres

57 2729 92 2767 ex
106 2709 216 2769 Veneto
231 2731 275 2791 pr·
287 2708 402 2782 ductes,
419 2731 490 2790 quas
506 2720 600 2770 tamen
611 2729 692 2770 more
705 2709 787 2769 istius
799 2709 896 2770 saecnli
913 2721 943 2770 et
957 2707 1031 2789 ipsos
1048 2719 1131 2770 vete·
1245 2730 1249 2737 ·

56 2828 120 2867 rom
140 2806 274 2869 codicum
291 2807 409 2868 nomine
426 2807 562 2881 deciarat3
580 2830 656 2891 saepe
675 2810 777 2882 etiam,
795 2809 862 2869 dum
881 2808 951 2869 alios
968 2807 1009 2868 sir.
1028 2807 1073 2870 vel
1089 2807 1131 2868 sic

57 2908 151 2991 legere
165 2919 280 2980 narrat,
296 2928 357 2968 nou
370 2906 459 2968 libros
481 2928 532 2969 sen
545 2909 668 2990 scriptos
684 2932 735 2970 sen
752 2907 834 2987 prelo
849 2908 997 2993 vulgato's,
1017 2902 1067 2969 snt
1085 2909 1130 2970 vi·
1194 2962 1198 2971 .

56 3028 157 3071 roru-
174 3005 329 3067 doctorum
336 3005 553 3069 emendationes
570 3005 725 3088 protulisse
739 3006 881 3087 putandus
897 3017 941 3067 est
954 3018 973 3061 ¹.

97 3129 114 3159 ι
124 3103 254 3164 Achilles
266 3103 394 3175 Statius,
404 3101 531 3185 jamtum
541 3103 656 3164 Catullo
667 3102 758 3164 doctis
769 3102 980 3163 commentariis
987 3102 1129 3164 instructo

56 3203 167 3276 chus,
186 3203 315 3265 Venetiis
335 3203 430 3286 1557,
446 3202 596 3264 Tibullum
615 3225 680 3264 cum
699 3201 908 3264 commentariis
919 3202 1022 3269 edidit.
1039 3206 1130 3266 Secu-

56 3317 103 3366 tus
120 3305 171 3367 itte
183 3318 228 3366 est
244 3305 379 3365 Aldinnm
394 3304 563 3378 secundnm,
580 3302 706 3377 Mureti,
723 3302 803 3384 quod
821 3323 895 3380 saepe
913 3302 1029 3365 miratus
1047 3326 1128 3376 sum,

58 3405 105 3465 vix
119 3404 208 3467 serbo
220 3405 368 3467 mentione
386 3404 457 3466 facts
472 3427 479 3463 ι
493 3416 527 3464 ut
541 3416 635 3464 nmen
650 3423 704 3465 nec
719 3422 784 3463 euru
801 3402 933 3465 convicio
942 3399 996 3466 ‘rel
1013 3403 1129 3466 obtrec-

58 3501 163 3563 tatione
174 3502 304 3565 vellicare
315 3501 405 3565 videri
412 3502 516 3580 possit
530 3504 634 3562 Fertur
643 3513 754 3577 tamen,
768 3523 856 3581 quum
874 3500 982 3562 ltaliam
994 3500 1128 3572 adiisset,

58 3622 123 3661 eum
137 3600 258 3663 Mureto
270 3595 390 3674 risisse,
406 3621 498 3682 neque
514 3599 586 3662 adeo
605 3601 666 3683 ejus
689 3600 725 3660 de
744 3600 862 3661 Tibullo
883 3599 982 3661 merita
997 3599 1129 3682 ignorare

59 3698 162 3778 potuis
178 3699 207 3759 ls
220 3696 361 3759 librorum
376 3698 481 3759 bonnm
497 3697 607 3779 copiam
622 3696 739 3771 babuit,
754 3719 815 3759 non
830 3697 925 3757 minus
938 3697 1015 3757 enim
1030 3695 1128 3757 decen
1222 3692 1226 3700 ⁴

59 3816 123 3855 usus
133 3808 192 3870 αις
206 3806 284 3858 seete
294 3794 398 3857 nutui
409 3794 502 3858 villers
513 3795 587 3857 duos
599 3795 767 3867 vaticanos,
782 3815 907 3875 quorum
918 3793 1036 3854 alterum
1048 3792 1127 3855 valtis

57 3898 204 3979 utinm
215 3897 321 3970 iu‘nse,
336 3919 370 3958 ex
379 3897 491 3959 notssd
509 3899 543 3970 l,
557 3896 596 3971 3,
608 3894 648 3969 34
664 3896 797 3978 colligas,
808 3907 935 3957 veterem
951 3893 1037 3957 boum
1049 3907 1127 3957 notae

56 3995 158 4059 tibrum
169 3996 315 4059 Gnidonis
324 3995 441 4058 Ascanii
451 3996 569 4059 storeis
578 3995 753 4068 enuntia,
768 3994 873 4080 Angeii
885 3995 996 4059 Colotii
1007 3996 1127 4068 librum,

53 4117 70 4157 e
90 4118 152 4178 quo
171 4102 332 4169 tamenne
347 4095 431 4158 etiam
446 4118 481 4157 es
503 4094 674 4156 Florentino
694 4094 877 4158 bibliothecae
893 4096 924 4156 S.
938 4095 1085 4156 L'surentii
1098 4105 1128 4154 et

51 4195 108 4258 elio
124 4207 223 4259 vetere
236 4193 311 4258 libro
330 4207 461 4274 escecpn
474 4207 584 4259 tuntum
603 4194 735 4258 bsbnisse
753 4197 885 4271 videtum
903 4197 943 4259 sit
959 4197 1035 4259 enim
1049 4196 1126 4258 lere:

86 4422 704 4511 ¹lter-c.isetuminlocoLib.l,El.v'1,3.
814 4435 817 4442 ¹
