2550 4972
101 297 156 381 uvj
487 300 545 363 un
572 299 770 379 muttum

101 429 184 491 rimo.
204 431 262 491 Sed
280 432 315 493 de
329 430 454 494 editione
468 434 575 494 Tibulli
593 446 685 495 curata
702 456 718 493 a
734 432 817 495 Celte
835 452 890 515 ego
909 432 1065 514 numquam
1080 427 1157 491 fando

101 528 211 599 audivi,
227 550 319 608 neque
331 528 489 607 Kluplelius
500 530 530 589 in
541 542 688 611 conspectu
703 531 796 609 operis
811 530 845 590 de
857 529 984 591 Conmdi
993 527 1080 589 ceto's
1089 526 1156 587 Pu-

102 630 173 686 tuuii
188 630 254 690 Vita
268 641 295 688 et
310 632 428 712 Scriptis
443 654 529 715 quem
539 654 584 692 au.
601 628 678 693 1813
691 631 822 717 Friburgi
837 630 926 695 edidit
935 629 1071 704 baetim,
1081 627 1153 690 ulti·

101 724 169 785 lecit
182 726 264 808 liujus
276 728 410 790 editionis
421 732 606 792 mentionem.
618 731 661 791 At
673 742 845 793 memoratur
859 728 918 805 ibi,
932 751 961 808 p.
976 726 1151 790 insimules

102 824 211 884 Furens
236 838 266 885 et
288 826 374 887 Canu
394 829 524 909 Thyestis
530 851 541 900 ;
560 830 596 891 L.
612 830 722 892 Anuoei
741 829 857 890 Seneca
875 826 948 913 biga
968 823 1150 912 lngoeffim

102 945 169 984 cura
184 925 218 985 C.
238 925 336 986 Celtis.
352 929 448 1008 Hujus
468 929 602 989 editionis
620 930 749 1006 exemplo
769 928 832 1000 illi,
852 922 933 1011 quod
947 936 1039 989 exstat
1053 924 1083 986 iu
1094 919 1149 983 bibl

102 1024 238 1085 Neostad.
259 1025 430 1108 agglutinata
451 1038 495 1088 est
516 1027 605 1088 editio
622 1026 753 1101 Tibulli,
772 1049 853 1109 quam
871 1026 1008 1086 Panrerus
1031 1016 1148 1084 couno

102 1120 297 1199 Kacbelooeu‚
314 1126 502 1201 Sebniuerus‚
515 1138 592 1188 certe
600 1127 765 1203 Harlesius,
779 1113 1147 1191 tribuebatConrtdoCelli‚

101 1224 182 1304 cujus
203 1245 309 1285 nomen
329 1225 499 1304 inscriptum
515 1238 635 1289 estnon
651 1226 705 1287 nisi
723 1225 804 1309 Bigae
823 1221 1021 1307 tragoediarum
1044 1220 1150 1281 M

100 1326 247 1387 Hactenus
259 1349 315 1410 ego
326 1327 474 1389 obscuram
486 1330 558 1390 banc
572 1350 632 1389 rem
647 1349 712 1388 meo
723 1329 815 1388 Marte
829 1323 959 1403 expedire
970 1326 1148 1384 conatuum
1182 1388 1186 1393 ¹

101 1426 160 1486 Sed
178 1427 308 1488 volebam
324 1450 412 1508 porro
429 1428 522 1502 scire,
546 1452 581 1489 an
597 1429 725 1507 exemplo
742 1425 943 1490 Neostudiensi
962 1447 995 1487 re
1010 1443 1074 1485 vera
1087 1438 1149 1500 pne·

100 1524 239 1602 scriptum
258 1538 334 1587 esset
352 1528 418 1589 Act.
440 1550 493 1605 pro
511 1529 576 1589 Alb.
594 1526 727 1589 Tibulli?
748 1551 784 1588 an
799 1526 864 1588 libri
880 1528 935 1601 ΙΙ,
952 1547 1006 1605 pro
1025 1518 1088 1584 libri
1100 1512 1167 1578 Μ’

100 1622 208 1682 Utrum
225 1624 295 1697 bac,
311 1648 346 1685 an
362 1624 413 1686 alia
428 1626 553 1687 editione
576 1651 642 1689 usus
665 1641 739 1689 esset
753 1629 913 1701 Panuerus,
929 1625 981 1709 qui
998 1624 1038 1685 sic
1053 1614 1150 1683 suilitt
1192 1664 1194 1709 l

101 1719 183 1781 Attii
195 1718 303 1781 Tibulli
318 1721 469 1803 elegiarum
485 1724 549 1784 libri
564 1726 616 1785 lv.
634 1729 699 1803 Qua
712 1726 747 1790 de
760 1751 791 1789 re
804 1724 956 1789 certiorem
973 1721 1152 1784 metretum
1191 1720 1194 1747 ²

101 1842 162 1882 esse
178 1810 340 1904 putaveram
355 1822 520 1884 Bnrdilium.
539 1823 597 1887 Sed
612 1825 678 1886 buic
698 1826 828 1887 nondum
846 1822 928 1898 copia
944 1820 1006 1883 data
1021 1830 1065 1880 eet
1078 1811 1151 1897 inspi-

101 1923 198 1984 ciuudi
212 1915 287 1983 libri.
304 1923 386 1983 idem
403 1935 496 1982 tamen
508 1923 636 2005 quaedum
650 1924 684 1983 ad
701 1945 746 1983 me
762 1921 927 2002 perseripsit
942 1921 978 1982 de
993 1918 1106 2000 antiquo
1118 1911 1153 1972 Β·
1192 1996 1194 2001 Ι

100 2014 254 2084 bliotbeuae
264 2021 515 2107 Heidelbergensis
526 2022 656 2099 exemplo
668 2020 729 2103 siue
743 2020 810 2080 anni
821 2032 851 2081 et
861 2018 984 2080 officinm
995 2027 1079 2092 nota,
1091 2005 1152 2095 quel

101 2145 178 2182 nunc
195 2122 288 2205 ipsum
303 2134 369 2182 ante
387 2122 487 2183 oculos
504 2120 596 2184 babet.
610 2122 678 2181 Hoc
691 2121 787 2180 multis
797 2118 869 2180 locis
886 2110 1025 2198 discrepat
1040 2137 1056 2175 a
1071 2111 1152 2174 Thu

102 2222 237 2294 neriano,
252 2233 388 2283 mouente
403 2219 489 2282 etiam
499 2265 507 2295 ,
519 2222 568 2303 qui
580 2218 752 2299 comparavit
762 2263 771 2293 ‚
783 2216 906 2291 vossio,
921 2237 987 2299 pag.
999 2225 1152 2286 xxv11‚nee

102 2320 280 2383 conveniunt
295 2321 453 2381 litterarum
469 2322 529 2404 typi
542 2319 652 2402 gothici
669 2318 744 2395 illis,
761 2318 863 2402 quibus
877 2336 1026 2394 expressus
1042 2324 1153 2373 estnon·

102 2422 218 2502 junctus
231 2440 295 2477 cum
312 2439 347 2477 eo
364 2418 531 2497 Propertius
549 2440 583 2476 ex
594 2416 705 2479 officina
715 2418 833 2478 Martini
848 2416 1080 2496 luutupcrgenst.
1092 2405 1155 2483 bipt.

101 2542 167 2579 ann.
186 2515 286 2601 1495,
304 2515 409 2598 quippe
431 2519 550 2599 majores
566 2529 595 2577 et
611 2515 691 2578 aliter
706 2517 828 2579 formati.
849 2517 922 2575 Haec
941 2512 1003 2573 sine
1023 2507 1107 2570 dubio
1123 2510 1156 2565 etl

103 2614 294 2677 memorabilis
311 2615 418 2688 editio,
437 2615 485 2674 sed
503 2615 622 2698 originis
637 2616 754 2677 incertae
770 2627 800 2676 et
820 2611 970 2675 difficulter
986 2602 1157 2692 indaganti&

104 2715 244 2797 siquidem
264 2716 354 2776 lacera
370 2726 414 2776 est
429 2736 445 2773 a
462 2715 556 2775 fronte
573 2716 711 2797 usquead
729 2718 769 2791 1,
790 2732 846 2788 vt,
864 2735 912 2797 7¹·
930 2712 972 2773 Et
988 2714 1017 2770 si
1031 2707 1157 2791 φιίὀρίόι
1177 2784 1181 2789 ¹

104 2835 201 2888 casse,
219 2824 274 2874 etc.
297 2813 396 2872 necin
413 2812 470 2873 fine
495 2812 579 2874 babet
595 2813 649 2873 uisi
667 2837 674 2871 ε
694 2816 811 2875 Summa
827 2814 885 2873 uite
904 2809 976 2869 attii·
988 2807 1098 2879 tibulli,
1119 2820 1159 2861 tx·
1192 2826 1194 2833 ·

101 2932 197 2987 pressa
220 2909 340 2972 fideliter
364 2910 398 2969 ad
419 2911 558 2972 Codicem
577 2910 698 2992 aliquem
718 2934 746 2971 v.
767 2932 792 2969 c.
814 2908 845 2967 in
866 2930 938 2970 voce
957 2895 1161 2966 autumantis·

106 3009 243 3093 Sequitur
261 3011 418 3093 Epitaphio
432 3011 545 3071 Tibulli.
562 3011 637 3071 Cmu
650 3011 724 3093 sign.
735 3032 820 3092 a-g.
832 3009 882 3069 lin.
896 3031 951 3082 uo,
964 3005 993 3080 4.
1016 3006 1083 3082 Qut
1096 3002 1124 3063 iu
1138 3012 1163 3057 re

105 3110 243 3174 convenit
260 3112 302 3173 illi
318 3134 382 3172 cum
401 3111 529 3189 exemplo
545 3110 745 3173 Neostadiensi
763 3109 838 3187 apud
854 3108 1034 3181 Priamum,
1056 3116 1125 3164 tom·
1137 3094 1165 3169 1,

104 3214 357 3297 uturum-ut·
1146 3192 1166 3253 '⁵

303 3439 603 3513 EDlTIONES
638 3435 843 3511 SAECULI
878 3435 980 3507 XVI.

148 3635 207 3697 Hic
217 3658 332 3718 quoque
343 3637 523 3699 Huscbkium
534 3636 569 3698 ad
581 3636 699 3700 uerbum
710 3631 769 3692 lere
781 3633 940 3713 sequimnr3
956 3634 997 3693 ait
1006 3633 1057 3695 ille
1069 3657 1077 3694 t
1092 3661 1109 3690 u
1120 3636 1185 3696 ,lem

106 3740 229 3800 alterum
240 3739 436 3820 typographiae
447 3739 583 3800 oaeculum
593 3732 764 3818 ingredienti
775 3731 805 3791 in
819 3732 881 3810 ipso
894 3734 988 3795 statim
1004 3735 1109 3800 limine
1117 3734 1189 3797 min

109 3840 179 3902 mibi
197 3838 331 3921 objicitur
350 3838 510 3901 editionum
526 3836 639 3909 classis,
657 3833 749 3896 forma
765 3844 795 3893 et
808 3832 931 3894 lectione
948 3835 1051 3898 similis
1069 3837 1192 3901 Altina

109 3964 155 4002 an·
175 3938 252 4000 1502
264 3986 274 4017 ,
288 3940 399 4023 origiue
414 3951 444 3998 et
458 3937 647 4019 charulonge
658 3934 774 3996 diversa.
789 3935 826 3995 Iu
841 3933 925 4015 hujus
936 3935 1044 3999 fraudis
1060 3939 1194 4023 vestigio

110 4061 155 4099 mo
167 4037 289 4115 primum
301 4037 400 4121 posuit
415 4036 532 4099 varietas
550 4033 698 4105 lectionis,
711 4030 856 4097 observata
869 4038 900 4092 in
914 4032 1022 4096 Aldina
1034 4038 1116 4114 apud
1132 4037 1194 4100 Τί-
