2580 5002
268 662 594 731 ELEGIARUM
618 665 721 731 LlB.
749 666 779 731 I.
806 666 961 733 ELEG.
984 668 1014 733 I.
1157 694 1175 757 7

155 803 253 875 Nune
271 806 355 897 agna
370 780 483 898 erigii
498 822 550 881 est
566 783 677 878 hostia
693 800 812 900 magnii
830 771 903 880 sisli.

105 921 204 1016 Agna
220 921 314 994 cadet
331 921 447 1007 vobis,
466 951 564 1022 quam
582 923 705 997 circum
721 924 844 997 rustica
862 923 970 1025 pubes

158 1031 307 1107 Clamet:
326 1038 382 1107 lo!
401 1064 523 1110 messes
540 1056 572 1110 et
586 1037 675 1111 bona
690 1038 765 1111 vina
783 1038 879 1112 date!

106 1152 204 1238 Jam,
222 1152 323 1226 modo
341 1182 426 1241 non,
445 1183 581 1256 possum
597 1173 775 1230 contentus
788 1157 895 1229 vivere
911 1184 1033 1257 parvo,
1145 1177 1178 1229 πε

106 1309 180 1363 enim
189 1320 242 1363 tuns
252 1311 421 1364 scribendum
438 1332 492 1367 esse
506 1312 537 1366 iis
548 1331 621 1382 quo-
667 1316 800 1385 publicum
810 1316 906 1369 festum
915 1316 1031 1370 inlustro
1039 1315 1179 1371 condendo

107 1408 161 1457 que
174 1389 249 1455 locis,
262 1391 305 1444 ubi
320 1400 393 1451 tuuc,
411 1412 458 1462 per
465 1412 492 1444 se
500 1391 619 1459 bonurn,
669 1393 792 1445 celebrari
805 1392 919 1445 solitum.
932 1393 1025 1445 Here.

105 1477 218 1536 propter
237 1469 403 1538 asperitatem
427 1488 550 1523 consonae
571 1490 619 1524 se·
702 1474 742 1538 ²4·
767 1472 890 1525 Barthius
908 1473 989 1541 magis
1009 1471 1180 1541 impleturum

105 1546 213 1614 quentis
225 1546 377 1601 adversatur
391 1549 501 1618 lingue,
520 1561 548 1603 et
561 1569 622 1603 mox
669 1551 782 1619 poeticas
795 1571 870 1604 aures
884 1552 1026 1621 opinatur,
1043 1553 1064 1604 si
1078 1551 1181 1620 legatur

106 1622 227 1692 exempla
246 1625 322 1690 citat,
341 1627 435 1695 quibus
448 1628 560 1681 omnino
580 1628 622 1682 hic
670 1631 707 1679 Et
717 1631 775 1680 dale
786 1633 846 1681 viria
858 1633 939 1692 bona;
955 1639 1032 1698 atque
1047 1629 1082 1681 ita
1093 1639 1119 1681 et
1132 1648 1181 1680 so-

107 1718 166 1752 non
180 1719 245 1769 opus
259 1712 306 1754 est.
670 1722 737 1756 oum
750 1705 867 1759 versiculi
881 1704 975 1770 malle,
995 1717 1021 1758 et
1033 1716 1182 1759 consuetu-

136 1797 177 1829 aa.
185 1779 385 1846 Hostiliorum.
392 1779 622 1834 lllultiscodicibus
671 1782 766 1836 dinem'
775 1794 858 1854 poetae
869 1806 875 1846 ;
888 1784 931 1838 lib.
943 1786 994 1851 lV,
1009 1784 1075 1839 adv.
1090 1804 1145 1855 cap.
1159 1806 1182 1838 a.

107 1856 320 1927 editionibusque
334 1860 420 1913 inerat
432 1860 509 1914 lectio
522 1877 622 1926 parva:
671 1859 1182 1930 Mihisecusvideiurmonquotsarihio

108 1934 158 1989 sed
171 1935 295 1989 Muretus
304 1946 330 1989 ct
341 1935 539 2005 &aligeresuis
549 1936 623 1990 MSS
672 1936 729 2005 plus
737 1938 834 2007 sapiam
845 1979 852 2004 ,
865 1937 910 1993 sed
924 1939 984 2008 quia
997 1939 1101 1992 aurium
1111 1938 1185 2006 iudi-

108 2033 361 2083 mmreposuere,
369 2013 440 2082 quod
448 2016 516 2068 ruris
524 2016 624 2084 exigui·
671 2013 743 2066 cium
752 2034 807 2068 esse
815 2015 880 2069 solet
892 2017 1065 2070 liberrimum.
1075 2017 1183 2071 Bnouc.

110 2091 173 2156 tati,
186 2101 214 2145 et
227 2090 350 2145 tenuitati
362 2111 451 2144 rerum
463 2093 623 2159 accisarurn,
672 2091 798 2146 -Codex
811 2094 909 2163 Regius
917 2106 943 2148 et
956 2107 1007 2149 tres
1016 2114 1109 2149 eorum
1120 2115 1185 2163 quos

111 2168 207 2224 melius
224 2170 374 2239 respondet
389 2171 498 2224 Etenim
510 2191 575 2241 agna
585 2172 624 2238 ,si
673 2168 699 2221 J.
710 2170 745 2222 H.
754 2172 827 2223 Voss.
835 2171 907 2237 citat,
914 2171 1187 2225 tersionemexhibene

110 2251 235 2322 pauperis
247 2250 380 2304 facultates
391 2251 526 2320 respicias,
542 2251 626 2304 hostia
673 2253 785 2309 clamat,
800 2267 858 2316 quae
873 2249 984 2300 omnino
998 2247 1059 2301 salsa
1071 2247 1185 2301 videtur.

111 2348 210 2397 magna
224 2328 274 2382 diei
288 2341 382 2399 potest.
708 2329 832 2386 assam,
846 2330 918 2379 inodo
931 2346 992 2386 non,
1002 2345 1107 2393 possum
1120 2345 1186 2378 con-

129 2402 181 2462 'ss
188 2411 266 2476 Agna
272 2413 346 2462 cadet
352 2414 430 2461 vobis.
438 2409 510 2477 Ergo
516 2407 625 2460 Laribus
672 2413 755 2458 tentus
769 2411 939 2471 riwereparvo.
953 2403 1046 2458 Critici
1058 2415 1085 2457 et
1097 2403 1187 2457 inter-

112 2504 217 2539 sacrum
230 2486 255 2539 lr.
268 2486 284 2541 l.
295 2488 393 2540 lactum
407 2485 624 2554 intelligendum
674 2485 797 2552 pretesin
806 2483 970 2536 hunclocum
979 2484 1124 2547 irruerunt,
1133 2503 1189 2536 ma·

113 2565 168 2632 egit
179 2575 267 2617 autem
276 2565 310 2617 de
321 2583 409 2630 sacro,
419 2583 472 2633 quo
483 2564 626 2616 lustrantur
676 2563 826 2631 ximamque
842 2562 942 2631 ingenii
956 2562 1101 2629 impensam
1118 2559 1189 2613 lece-

113 2662 206 2713 gregcs
219 2654 245 2697 et
257 2644 320 2713 agri.
331 2645 396 2697 Tale
410 2643 567 2696 Ambarvale
581 2663 627 2696 sa·
675 2650 751 2702 runt;
767 2649 796 2691 ut
808 2656 862 2692 non
871 2638 943 2691 facile
952 2636 1192 2691 intertotdiversas

113 2718 368 2788 crumsacitagrum.
379 2720 537 2789 ,videEleg.
549 2720 626 2789 prim.
675 2716 800 2770 lectiones
819 2727 846 2770 et
865 2715 1006 2769 doctorum
1023 2716 1188 2784 conjecturas

112 2795 159 2851 lib.
172 2796 207 2852 ll.
220 2799 260 2853 lbi
272 2798 389 2853 Bacchus
401 2811 428 2853 ct
436 2798 519 2851 Ceres
532 2816 628 2850 vocan-
675 2796 740 2850 scire
748 2795 844 2866 possis,
853 2815 905 2864 quo
915 2805 938 2848 te
948 2806 1040 2847 vertas.
1053 2793 1189 2865 Cyllenius

114 2885 176 2941 tur,
189 2885 216 2928 et
224 2896 313 2945 preces
325 2875 394 2929 siunt
402 2876 434 2929 ad
442 2876 505 2929 deos
516 2876 626 2944 patrios,
675 2875 771 2939 verba,
784 2877 856 2926 modo
867 2893 928 2927 πππ.
943 2870 1092 2941 parenthesi
1103 2870 1189 2925 inclu-

114 2973 182 3007 vers.
196 2969 233 3023 17.
247 2954 282 3007 Et
292 2955 328 3008 sic
340 2974 445 3024 quoque
458 2974 578 3007 annuum
587 2973 628 3006 sa·
675 2953 723 3006 dit.
743 2953 904 3007 Brourkhus.
916 2953 1086 3021 negationem
1099 2950 1188 3005 deesse

109 3049 191 3108 ,crum
204 3029 298 3084 Cereri
310 3042 337 3086 et
348 3032 451 3086 Baccho
467 3032 581 3096 lactum,
595 3030 627 3084 ad
676 3032 820 3096 existimat,
834 3033 906 3101 quasi
917 3030 1085 3085 scribendum
1101 3041 1188 3084 essct:
1280 3042 1283 3047 ’

116 3111 627 3180 gregislustrationem,extremahieme,
676 3114 735 3164 Non
751 3131 855 3179 possum
878 3116 958 3164 vibere
978 3131 1027 3163 ron
1051 3121 1189 3163 contentus.

116 3187 227 3241 ineunte
237 3187 289 3254 jam
299 3208 377 3253 vere,
390 3190 513 3259 Virgilius
525 3209 630 3242 memo-
676 3190 756 3253 ldem,
771 3190 910 3256 adfirmat,
926 3191 1081 3243 Manutium
1094 3189 1127 3242 de
1138 3189 1187 3242 hoc

117 3273 175 3331 rat,
195 3263 292 3335 Georg.
309 3267 343 3331 l,
362 3266 431 3329 338;
447 3267 630 3318 Suovetaurilae'a
675 3268 819 3337 eloquendi
840 3289 936 3339 genere
956 3268 1074 3338 exempla
1102 3266 1188 3320 colle-

117 3363 183 3397 vero
193 3343 262 3397 Cato
271 3344 303 3398 de
313 3346 347 3399 R.
356 3347 451 3416 R.cap.
463 3348 629 3416 141,inqui·
678 3346 752 3414 gisse.
770 3345 894 3399 Muretus
909 3346 995 3414 inquit
1007 3385 1015 3411 ,
1033 3348 1106 3397 modo
1120 3364 1185 3404 ποπ,

117 3423 168 3490 bus
176 3421 258 3476 Marti
269 3444 359 3493 preces
370 3426 501 3479 faciendas
515 3427 631 3497 praeseri·
678 3434 718 3477 est
729 3436 864 3493 μονονουχὶ,
875 3428 1190 3493 etse'snntqui'alilersen-

119 3501 630 3562 biteFeriassementirasOvid.Fastor.
677 3506 751 3555 tiara.
768 3503 881 3572 Vulpius
900 3502 985 3555 lorum
1009 3503 1044 3554 ita
1062 3501 1191 3570 explicat:

118 3579 152 3643 I,
166 3577 224 3632 658.
239 3581 304 3635 Haee
318 3594 346 3636 et
357 3584 406 3637 alia
422 3584 557 3639 adducunt
569 3605 630 3651 me,
681 3581 742 3633 Non
759 3579 858 3646 modo,
873 3581 960 3648 inquit
976 3588 1071 3648 poeta,
1087 3597 1193 3646 possum

120 3666 152 3710 ut
160 3675 232 3710 sacra
242 3660 496 3727 ejusmodilustralia
503 3663 578 3733 plura
588 3663 632 3715 in·
680 3659 755 3713 tenui
776 3659 846 3717 victu
865 3668 1006 3712 contentus
1024 3677 1099 3721 esse,
1121 3656 1193 3724 quod

120 3746 164 3790 ter
173 3737 281 3793 rusticos
289 3740 398 3809 viguisse
407 3743 566 3804 existimem
582 3743 631 3795 alia
680 3748 758 3792 antea
775 3756 831 3792 non
849 3748 969 3806 poteram
987 3759 994 3799 ;
1014 3756 1069 3789 non
1089 3746 1193 3789 tanturn

119 3815 631 3888 sortemagis,aliamioussolemnia:ad
679 3815 1192 3886 longisitineribusvaledieere,remnu·

119 3891 177 3947 hnc
189 3894 444 3952 minussolemniaet
452 3901 569 3968 privata,
584 3919 632 3954 cu·
677 3893 756 3964 pendi
767 3912 843 3947 causa
853 3894 976 3961 susceptis
987 3912 994 3945 ι
1005 3892 1189 3945 verumetiam

120 3971 216 4041 jusque
227 3973 354 4044 religione
366 3977 466 4046 concipi
478 3979 632 4047 instituique
676 3973 706 4025 in
717 3990 821 4027 summa
829 3971 910 4024 animi
922 3970 1059 4024 securitate
1072 3968 1189 4036 indulge·

119 4049 633 4126 solita,relerosacrumlustrale,dequo
679 4050 1189 4116 reotio,sedensoestatepropteraquam

120 4126 474 4199 h.l.agitur.Aliudestquod
483 4133 633 4202 paulopost,
681 4129 730 4183 sub
742 4131 843 4183 arbore.
854 4131 889 4182 At
898 4128 956 4197 quis
967 4137 1019 4193 est,
1028 4122 1194 4194 quinsentiat

122 4224 161 4259 vs.
169 4205 202 4258 35
211 4245 219 4272 ,
227 4219 400 4273 memoratur,
409 4207 480 4276 quod
489 4208 520 4261 ad
529 4209 633 4263 Lustra·
683 4206 733 4260 hoc
746 4205 827 4260 modo
837 4205 1003 4275 languescere
1015 4199 1194 4256 sententiam?

121 4284 226 4339 tionem
242 4287 269 4340 iu
284 4287 424 4354 Palilibus,
438 4288 478 4344 xl
491 4287 551 4340 Kal.
568 4288 634 4341 Mai.
685 4282 769 4352 Quod
789 4282 820 4336 ad
838 4282 962 4352 scaligeri
980 4279 1196 4334 emendationem

124 4360 185 4416 lieri
192 4363 292 4418 solitam
299 4363 469 4419 referendum
476 4375 523 4418 est.
530 4364 636 4427 Abona·
685 4365 796 4429 attinet,
807 4361 1041 4431 secundumquam
1054 4357 1197 4428 legendum

125 4440 428 4500 nibualiisdiversasunt
438 4445 634 4510 Sacrataurilia,
684 4453 739 4511 est,
751 4441 1081 4513 Qetepeegojanrpossum,
1093 4456 1154 4492 earn
1164 4445 1194 4490 ut
