2550 4972
114 337 181 422 xviij
378 336 900 402 namramonurronrs.

111 472 284 547 doctorum
302 488 468 572 quotquot
486 471 555 545 dixi
574 470 721 555 uirorum
739 469 869 547 labores
886 472 1039 559 adhibui,
1063 491 1174 549 notas-

110 615 174 688 que
194 586 493 688 quamplurimas,
519 589 658 690 proprio
682 617 721 663 ex
747 589 839 663 lonte
861 589 1015 676 haustas,
1042 590 1173 677 addidi,

110 701 237 777 nullum
252 702 362 777 locum
374 703 563 804 praeteriens
578 703 659 805 quin
671 732 776 778 meam
790 704 894 804 ipsius
909 704 1105 778 sententiam
1120 705 1174 779 dc-

108 817 305 893 claraverim.
328 819 467 897 Codices
487 820 568 894 milri
588 820 712 922 ubique
731 819 837 894 fulcro
860 822 1007 923 sumpsi,
1031 850 1092 896 nec
1109 850 1172 896 uu·

109 964 206 1037 quam
218 937 261 1010 ab
276 965 389 1012 eorum
402 938 597 1012 auctoritate
608 938 759 1011 recedere
770 966 869 1011 ausus
880 966 965 1011 sum.
977 940 1100 1011 Verum
1111 998 1119 1027 ,
1130 967 1173 1011 ue

106 1053 285 1151 ingeniosis
302 1053 585 1130 emendationibus
600 1082 744 1140 careres,
769 1053 890 1141 lector,
912 1082 994 1154 quas
1012 1054 1170 1127 Heinsius

21 1222 24 1228 -
106 1168 270 1271 precipue
287 1187 319 1244 et
335 1170 378 1244 Η.
395 1173 492 1244 Voss.
508 1169 632 1270 passim
646 1165 852 1255 adtulerunt,
871 1167 959 1252 notis
973 1168 1171 1241 inseruimus

105 1285 327 1386 quodcunque
351 1304 444 1360 textu
461 1285 580 1386 procul
606 1313 676 1359 esse
695 1285 878 1361 statuimus.
901 1285 1010 1358 Vitam
1035 1285 1170 1357 omuino

103 1397 310 1472 reficiendam
337 1400 538 1486 censuimus,
568 1398 697 1496 egregia
724 1399 954 1473 dissertatione
974 1399 1041 1484 usi,
1074 1427 1172 1499 quam

103 1540 156 1585 an.
186 1512 278 1613 1819
297 1513 400 1589 edidit
423 1514 544 1617 Lipsiae
567 1531 625 1589 rx.
652 1514 957 1602 t.G111t.SPOHN,
983 1513 1076 1612 cujus
1093 1541 1170 1615 pars

102 1628 205 1705 altera
229 1630 323 1706 valde
349 1632 574 1720 desideratur,
602 1660 708 1734 neque
731 1632 892 1706 tamenin
915 1632 1069 1706 omnibus
1093 1631 1171 1712 huic

102 1746 202 1821 docto
215 1746 286 1822 viro
302 1748 537 1823 consentimus.
553 1752 722 1823 Excursus
735 1746 977 1850 mythologicos
992 1748 1170 1848 quosdam,

104 1892 143 1938 ex
168 1863 308 1940 illustris
332 1865 500 1941 Creutaeri
528 1864 726 1966 symbolica,
752 1863 925 1938 maximam
945 1881 1089 1964 partem,
1115 1889 1171 1938 ex-

100 1984 292 2083 cerpsimus.
311 1984 413 2080 Quod
428 1983 470 2057 ad
490 1982 631 2056 iudicem
647 1981 793 2082 pertinet
808 1981 865 2083 qui
885 1982 1007 2082 Heynii
1023 1981 1168 2081 primum

102 2118 189 2186 erat,
214 2100 333 2174 deinde
357 2099 519 2174 Huscblcii
542 2097 680 2173 editioni
703 2097 846 2171 insertus
865 2114 929 2183 est,
951 2125 1040 2171 nunc
1057 2097 1166 2172 denuo

99 2215 255 2290 immensa
274 2243 374 2316 opera
395 2233 511 2289 auctus
533 2215 569 2288 in
590 2211 697 2288 lucem
713 2211 835 2315 prodit
852 2214 964 2285 Unum
979 2211 1088 2286 adbuc
1112 2242 1167 2288 su-

100 2348 228 2431 perest,
241 2332 283 2404 de
297 2360 364 2431 quo
375 2349 409 2405 te
419 2330 583 2404 monitum
597 2358 668 2403 esse
679 2327 793 2414 velim;
811 2328 839 2401 si
851 2346 884 2402 te
895 2326 1022 2402 Tibulli
1036 2327 1167 2425 legendi

99 2445 297 2520 desiderium
310 2463 416 2535 tenet,
433 2464 558 2521 textum
569 2472 726 2546 sequere,
741 2444 837 2517 unice
850 2462 993 2534 textum,
1009 2464 1166 2548 praterea

100 2559 199 2650 nihil;
216 2563 358 2638 editores
370 2591 484 2637 omnes
494 2561 604 2660 abige,
620 2560 677 2664 qui
687 2577 819 2664 poetam
833 2562 990 2636 mendosa
1002 2561 1166 2664 scriptura

100 2694 255 2785 onerant,
270 2695 304 2751 et
318 2677 457 2752 barbare
474 2674 567 2778 loqui
580 2675 747 2751 interdum
761 2692 901 2772 cogunt;
917 2675 1060 2777 denique

259 2835 301 2888 Me
314 2855 416 2907 quoque
428 2847 539 2901 servato,
553 2846 637 2909 peccet
650 2836 736 2888 atille
750 2835 858 2888 minus¹.

134 3072 140 3100 ¹
158 3068 215 3120 Tib.
228 3069 283 3121 Lib.
297 3070 325 3134 l,
341 3068 380 3121 El.
394 3085 437 3130 vr,
450 3090 474 3119 v.
493 3068 530 3120 ιθ.
