2550 4972
204 106 518 172 ELEGIARUM
551 110 652 172 Ltu.
688 112 713 172 l.
751 112 898 177 utute.
936 116 984 175 ll.
1082 119 1122 177 ui

54 246 177 341 Quum
192 244 292 333 libet,
310 248 377 319 haec
397 247 482 320 tristi
499 247 634 348 depellit
651 250 765 323 nubila
783 251 883 345 cael03

109 366 225 458 Quum
244 361 345 452 libet,
365 366 491 439 aestivas
509 384 669 439 convocat
684 396 739 441 ore
757 370 857 442 nives.

55 480 141 554 Sola
161 499 272 555 tenere
287 482 388 557 malas
405 482 530 557 Medea
546 483 668 566 dicitur
682 485 820 574 herbas,

110 595 192 669 Sola
207 598 295 671 leros
314 600 444 673 Hecatae
461 598 686 699 perdomuisse
704 627 809 675 canes.

53 753 575 826 numerimysteriismultadisputatMa-

52 830 166 883 crebius
185 830 292 883 Comm.
310 833 338 898 1,
358 833 385 884 in
404 833 507 885 somnio
519 832 575 885 Sci-

52 910 162 977 pionis,
176 928 231 978 cap.
243 915 257 962 5
269 919 295 961 et
309 908 332 960 6.
344 909 377 961 Β.

92 991 138 1039 52.
154 989 237 1052 Quum
251 989 326 1048 litet,
339 992 440 1039 aestiras
454 997 576 1040 convocat

50 1085 98 1119 ore
112 1069 196 1117 nrbes.
214 1064 326 1117 Brourk
339 1084 444 1134 quoque
456 1065 493 1118 sic
511 1066 575 1134 legit

52 1144 220 1197 auctoritate
239 1154 358 1196 veterum
375 1144 502 1197 librorum
515 1143 574 1197 tre-

53 1232 118 1281 tus;
135 1219 179 1272 alii
200 1220 272 1280 libri,
290 1221 348 1290 'pari
368 1222 425 1275 lere
444 1240 573 1284 numero,

53 1296 192 1350 exhibent
202 1301 286 1348 estivo
297 1307 419 1349 convocat
429 1301 487 1350 orbe
499 1303 575 1350 aries.

56 1373 242 1439 Passeratius,
249 1371 372 1442 Vulpius,
381 1372 575 1445 Heynflusch.

55 1464 87 1507 et
106 1450 194 1506 Baeh.
216 1462 332 1506 nostram
353 1451 492 1505 lectionem
511 1450 575 1518 reji-

56 1532 149 1585 ciunt.
160 1532 240 1583 Voss.
251 1531 299 1583 alia
307 1530 420 1600 quadam
431 1550 492 1583 usus
497 1540 536 1583 est
543 1529 575 1582 ad

57 1611 207 1681 integrum
226 1628 331 1663 versum
358 1609 576 1669 immutandum

57 1709 130 1743 nam
149 1707 235 1758 quum
247 1687 358 1742 Brouck.
377 1687 410 1740 de
426 1687 534 1756 antiquo
547 1683 577 1737 ti-

58 1768 114 1822 bro
125 1767 296 1831 meminerit,
304 1767 346 1820 rui
356 1765 445 1818 insunt
453 1763 507 1818 haec
517 1782 578 1815 ver-

58 1845 96 1899 ba
107 1849 201 1898 este'vo
205 1843 324 1912 sraelffarat
339 1847 396 1896 orbe
413 1846 491 1906 deos;
503 1841 579 1896 Voss.

60 1924 185 1979 declarat
194 1922 265 1976 hunc
273 1922 360 1976 locum
369 1941 423 1976 esse
430 1921 577 1974 imitatione

61 2002 97 2054 ab
119 1998 224 2054 Ovidio
234 1998 301 2054 sacta
319 1998 518 2054 restituendum.
533 1998 579 2052 Ait

61 2075 200 2142 Ovidius,
214 2077 275 2129 Am.
286 2077 329 2130 lib.
341 2077 369 2144 l,
383 2076 579 2146 Eleg.v111,vs.

65 2175 99 2209 ro
113 2174 121 2208 ε
136 2178 151 2202 ι
166 2155 263 2224 Quum
274 2156 369 2221 voluit,
383 2175 450 2225 puro
460 2154 542 2224 fulget
551 2155 578 2206 in

63 2236 135 2289 orbe
149 2233 226 2288 dies:
241 2256 254 2280 ι
266 2233 386 2302 τόΙιιΙμι
402 2272 409 2299 ,
423 2233 444 2286 si
456 2233 580 2286 Vossium

63 2314 206 2384 sequaris,
221 2312 345 2383 paulatim
361 2311 515 2381 infulgeret
530 2312 580 2364 im-

65 2403 222 2455 mutatum
238 2393 274 2445 ita
292 2391 402 2463 quidem
416 2402 446 2446 ut
463 2390 580 2444 librarius

64 2473 144 2543 quis,
164 2469 331 2526 ovidianum
349 2470 479 2525 distichon
498 2469 579 2539 respi-

65 2553 162 2619 ciens,
178 2552 208 2605 in
222 2551 320 2604 Tibulli
332 2561 433 2605 textum
447 2549 530 2618 [telget
540 2551 582 2604 in-

67 2632 190 2696 vexerit;
212 2631 328 2701 aliusque
346 2630 428 2684 modo
447 2629 580 2696 librarius,

68 2730 182 2765 versum
199 2728 278 2763 sensu
289 2719 424 2763 carentem
442 2726 490 2776 ope
504 2727 581 2760 voca-

68 2788 256 2858 bulisulffmt
263 2788 346 2859 magis
353 2789 486 2858 magisque
497 2785 584 2840 delor-

69 2868 162 2921 maris.
172 2864 311 2920 Ceterum
323 2875 396 2935 putat
410 2863 483 2917 Voss.
491 2863 585 2933 genui-

70 2945 422 3014 namlectionemessesugit
429 2943 506 2997 stubi
514 2963 584 2996 nunc

69 3029 148 3089 deos,
159 3023 364 3095 legendumne
371 3029 432 3080 dies.
441 3023 511 3077 Sane
520 3023 585 3078 nihil

70 3105 226 3160 contortius
245 3123 300 3159 esse
321 3116 422 3174 potest,
446 3123 525 3173 quam
542 3103 585 3157 illa

70 3183 222 3239 doctissimi
239 3182 290 3237 viri
308 3185 466 3238 emendatio.
488 3182 529 3237 De
547 3183 586 3237 ni·

70 3264 151 3318 ribus
158 3261 345 3318 nihilomnino
352 3266 388 3319 H.
399 3263 586 3332 VossiusSagis

73 3340 226 3396 concedere
244 3341 315 3411 vult,
327 3362 360 3397 ne
372 3343 455 3397 nimia
463 3343 587 3397 fruantur

74 3420 216 3487 potentin
237 3421 267 3474 iis
280 3431 368 3476 tamen
389 3431 508 3475 mortuos
523 3439 585 3475 ero-

77 3496 586 3552 candilaeultatemconcedit.Noscum

80 3572 196 3629 Brooek.
205 3575 330 3640 lanimem
343 3575 408 3630 nihil
420 3577 492 3630 enim
504 3575 588 3630 obstat

85 3652 226 3721 quominus
243 3651 358 3706 dicanms
378 3658 479 3707 esttras
497 3658 586 3715 aries,

90 3730 229 3797 prasertim
246 3750 329 3802 quum
344 3732 457 3787 Martial.
475 3732 518 3786 lib.
532 3731 587 3798 Vl,

95 3804 161 3878 [pig
171 3824 240 3878 vm,
252 3813 369 3867 litemus
374 3832 446 3867 rosas
452 3812 589 3883 scripserit.

101 3882 159 3941 Sunt
168 3897 256 3946 tamen
264 3890 434 3962 qnidam,qui
442 3901 556 3949 asserant
565 3895 590 3947 eo*

623 754 817 809 blestinatione
839 753 1005 809 librariorum
1023 776 1054 811 ex
1073 761 1132 813 orbe

623 832 766 886 excidisse:
790 844 852 886 tuuc
868 833 928 901 quia
948 853 1040 903 parum
1065 854 1131 888 con-

623 923 729 980 grueret
740 932 802 965 eum
815 933 857 965 ore
868 911 1002 981 epitheton
1013 952 1020 977 ,
1039 911 1132 980 plurali

623 1009 737 1043 numero
761 1002 788 1043 et
811 1002 904 1060 quarto
923 1010 982 1044 casu
1004 992 1131 1060 scriptum

623 1085 686 1119 esse.
698 1067 739 1120 De
751 1067 790 1122 his
799 1069 921 1121 omnibus
929 1068 981 1138 ipse
991 1068 1131 1135 decernas,

624 1144 770 1199 dummodo
789 1149 825 1201 H.
846 1147 930 1201 Vossii
953 1149 1134 1215 conjecturam

624 1223 1134 1294 proculhabeas.lllirorequidem,hunc

624 1311 728 1353 tautum
750 1302 837 1355 virum
857 1303 901 1370 qui
925 1321 1030 1372 semper
1054 1301 1133 1355 habet

624 1378 1134 1447 queminterpolationisincuset,tamen

623 1453 677 1521 ipse
690 1473 722 1507 eo
736 1457 890 1509 temeritatis
905 1458 1021 1523 venisse,
1036 1469 1066 1510 ιιι
1077 1455 1135 1510 cul-

626 1549 684 1599 pam
710 1531 861 1587 admitteret
883 1537 1030 1602 majorem,
1053 1553 1133 1603 quarn

626 1617 819 1662 antecessorum
832 1611 953 1662 omnium
966 1610 1066 1663 delicto.

659 1687 698 1738 53.
716 1689 778 1739 Sota
792 1698 873 1740 tenere
883 1694 966 1741 malas
978 1692 1075 1742 Medea
1089 1694 1136 1742 di-

627 1767 695 1815 citur
704 1766 802 1815 herbas.
815 1763 934 1831 Quidam
949 1764 1050 1819 codices
1062 1765 1136 1819 exhi·

626 1841 690 1893 bent
711 1849 793 1902 artes,
817 1841 887 1910 quod
909 1842 1021 1894 Brouclr.
1044 1854 1135 1896 contra

627 1929 746 1972 ruentem
755 1922 875 1973 omnium
884 1931 1021 1990 poetarum
1030 1941 1083 1974 esse
1092 1920 1136 1974 de·

627 1999 714 2051 clarat.
729 1999 803 2052 ldem
817 2019 831 2050 a
844 2001 933 2072 lleyn.
944 2001 1061 2066 rejicitur
1070 2020 1137 2071 pro-

628 2089 687 2148 pter
696 2078 832 2148 epitheton
842 2084 931 2131 malas.
942 2079 987 2131 Ait
995 2079 1066 2132 enim
1079 2080 1137 2133 her·-

628 2156 667 2209 bis
675 2177 729 2210 esse
739 2158 823 2227 aptius
832 2177 910 2227 quam
921 2159 1026 2213 artibus.
1035 2159 1088 2213 Sed
1097 2179 1137 2212 ar-

630 2243 667 2287 tes
680 2235 929 2303 pariterinnumeris
940 2238 966 2289 in
976 2238 1037 2291 locis
1046 2238 1137 2291 dicun·

628 2322 674 2366 tur
684 2318 774 2379 naloe;
790 2315 849 2368 vide
869 2316 983 2369 lilartial.
995 2316 1031 2382 V,
1045 2334 1136 2384 xv111,

629 2390 661 2457 6,
682 2401 708 2445 et
720 2391 782 2444 alios
801 2410 807 2443 :
826 2391 919 2446 confer
936 2393 1015 2446 etiarn
1028 2394 1137 2446 Robert.

630 2470 796 2540 Stephanum
808 2470 887 2525 Thes.
897 2472 958 2544 ling.
967 2474 1009 2525 lat.
1022 2473 1065 2541 qui
1080 2472 1106 2525 h.
1122 2473 1138 2524 l.

630 2552 713 2601 malas
724 2557 808 2610 artes,
819 2550 930 2619 magicas
941 2551 1138 2618 interpretatur.

665 2627 704 2691 54,
715 2627 827 2679 Hecate.
839 2625 952 2680 Brouck.
967 2626 1089 2680 undecim
1101 2626 1137 2678 li-

630 2703 697 2768 bris,
710 2703 804 2771 quibus
818 2704 916 2758 accedit
935 2705 991 2758 rod.
1004 2705 1079 2774 paris.
1093 2705 1139 2757 ob-

631 2791 748 2846 secutus,
763 2783 878 2850 reposuit
894 2784 1011 2846 limare,
1032 2793 1061 2836 ut
1078 2782 1141 2835 sibi-

631 2858 688 2911 lum
710 2860 847 2914 insuavem
866 2861 1004 2915 emolliret.
1031 2861 1139 2915 Vossius

633 2939 742 2991 Hecates
752 2939 881 2992 revocavit
890 2950 997 3008 propter
1006 2938 1141 2991 insuavem

632 3017 736 3071 sibilum
756 3017 811 3072 dete
830 3019 864 3071 illi
883 3017 924 3071 vel
946 3018 1058 3072 maxime
1076 3036 1140 3072 con·

632 3095 793 3149 venientem.
807 3096 919 3148 Brouck.
934 3095 1037 3150 accessit
1050 3095 1139 3166 Heyn.

635 3174 689 3228 Sed
703 3174 769 3228 adeo
788 3177 937 3228 inconstans
949 3184 987 3228 est
999 3173 1141 3228 latinorum

633 3255 662 3308 in
671 3253 807 3309 flectendis
816 3253 1011 3307 hisnominibus
1018 3253 1092 3320 ratio,
1102 3264 1142 3320 ut,

636 3335 680 3388 ubi
689 3335 790 3389 variant
798 3334 865 3400 libri,
876 3333 937 3403 quid
944 3332 1073 3403 scripserit
1084 3350 1141 3387 auc·

636 3413 786 3468 tordefiniri
793 3413 947 3484 plerumque
954 3425 1075 3483 nequeat.
1082 3414 1143 3468 Fre·

637 3494 760 3561 quentius
780 3502 867 3546 tamen
886 3493 981 3548 horum
1001 3495 1141 3547 nominum

637 3573 744 3643 genitivi
759 3582 785 3626 et
802 3573 937 3627 acctnativi
954 3574 1034 3627 latina
1049 3573 1144 3626 termi-

637 3652 743 3705 natione
760 3652 869 3722 exprimi
887 3652 988 3719 solent,
1007 3651 1077 3722 quod
1098 3651 1138 3703 in·

636 3732 754 3787 numeris
765 3734 888 3804 exemplis
896 3733 1030 3804 utriusque
1040 3732 1144 3803 generis

636 3814 793 3883 scriptorum
815 3812 1003 3869 demonstravit
1024 3810 1143 3866 Ouden-

638 3892 712 3964 dorp.
730 3893 763 3948 ad
780 3895 937 3966 Apuleium,
952 3913 1008 3964 pag.
1029 3891 1086 3966 96...
1105 3891 1143 3944 Η.
