2550 4972
109 353 159 420 xiv
371 350 627 416 PRAEFATIO
657 352 896 415 EDITORlS.

108 490 207 563 quam
220 461 323 539 iratus
334 486 409 535 sum
424 491 432 534 ε
449 487 566 563 parum
576 457 683 535 abluit
692 457 792 559 quin,
808 457 843 533 in
854 457 935 558 ipsis
948 457 1079 548 inferis,
1091 460 1150 535 mi}

106 579 218 655 vultus
232 577 399 676 unguibus
413 576 593 653 lacerarent
607 575 754 651 Nemesis
769 594 802 651 et
811 575 923 665 Delia,
939 605 1040 678 quum
1051 605 1105 652 me
1117 577 1150 652 ill

106 695 149 770 ad
166 695 419 770 summoenianes
441 720 561 767 uxeres
583 692 765 779 seduxerit,
787 721 925 793 quarum
942 700 1039 789 janua
1056 695 1150 768 Rom:

104 812 140 885 in
155 810 304 886 Suburra
321 811 474 886 omnibus
491 810 638 911 patebat.
663 807 777 897 Delie,
795 810 946 884 simulac
967 830 1150 913 compertnr

104 933 224 1008 habuit
238 935 419 1010 surrexisse
442 934 672 1033 interpretem,
700 932 758 1034 qui
780 931 851 1007 hee
879 934 965 1007 serio
990 953 1150 1010 assereret

106 1079 176 1126 non
196 1050 309 1152 potuit
327 1049 392 1125 sibi
414 1067 613 1150 temperare,
631 1048 808 1150 quominus
823 1048 948 1150 aliquid
964 1050 1089 1124 demea
1107 1049 1150 1124 fid

106 1167 352 1268 suspiceretur;
376 1193 503 1239 merum
518 1181 628 1238 autem
649 1193 720 1239 esse
737 1165 942 1240 mendacium
957 1164 1051 1240 nullo
1070 1168 1149 1241 mod

107 1283 333 1371 existimabat,
355 1280 559 1383 firmiterque
575 1279 611 1354 in
628 1280 787 1380 opinione
803 1282 976 1368 remansit,
1002 1282 1071 1356 hec
1088 1282 1150 1358 clar

106 1429 161 1492 se,
181 1419 215 1475 et
230 1398 314 1474 elam
329 1398 479 1488 Nemesi‚
498 1426 516 1471 a
532 1425 585 1472 me
601 1426 714 1473 revera
733 1399 904 1475 commissa
922 1427 1001 1474 esse.

566 1584 706 1641 nnete.

151 1723 191 1797 Id
217 1724 316 1797 etiarn
341 1750 418 1797 eave
441 1750 503 1810 ne,
530 1720 621 1823 quod
647 1722 780 1797 Codicis
807 1723 989 1825 Lipsiensis
1016 1721 1150 1798 librario

101 1841 215 1940 inepte
232 1839 326 1949 decit,
345 1838 482 1940 Lydiam
495 1867 559 1941 pro
573 1867 626 1914 me
635 1839 751 1942 nescio
766 1867 865 1941 quom
880 1838 1017 1913 Tibullo
1030 1839 1150 1914 submit

103 1975 169 2047 tus,
187 1957 245 2059 qui
263 1985 299 2033 se
315 1956 395 2033 satis
411 1954 550 2033 infidum
565 1984 642 2053 erge
658 1984 711 2031 me
725 1956 892 2058 prestitit.

526 2144 750 2221 rtsu'nsus.

151 2316 297 2392 Nimimn
308 2316 403 2390 direx
416 2315 541 2403 evadis,
556 2344 577 2390 o
591 2342 722 2415 semper
732 2314 917 2401 carissims;
932 2311 1052 2412 jocaris
1067 2330 1150 2386 certe

565 2515 704 2571 DELIA.

148 2662 242 2737 Seria
256 2660 394 2764 loquor;
409 2661 445 2739 id
463 2679 495 2736 te
506 2661 592 2760 fugit
607 2691 712 2751 nune,
730 2663 821 2765 quod
837 2661 985 2736 cecinisti
999 2663 1150 2763 quondan

100 2787 225 2888 perfide
241 2785 479 2888 jactabundum
494 2814 578 2889 sape
594 2788 687 2861 ob'um
702 2789 795 2861 tenui.
848 2794 851 2799 ’

529 2971 752 3028 ntnuttth.

146 3133 202 3208 Tu
216 3158 350 3233 quoque
367 3128 470 3205 oblite
489 3129 580 3230 quod
595 3126 761 3231 sequitur,
779 3124 849 3201 haee
867 3145 971 3215 taces,

429 3303 474 3357 sed
483 3303 550 3376 jem,
563 3323 642 3376 quum
655 3301 748 3376 gaudie
762 3301 874 3369 adirem,
886 3290 888 3295 ,

264 3405 406 3460 Admonuit
418 3404 528 3458 domine
541 3403 697 3483 deseruitque
711 3405 801 3457 Venus
813 3408 830 3455 ¹.

91 3555 257 3631 (ἰάσω
274 3550 378 3650 pudet
393 3550 519 3638 dicere,
540 3577 614 3650 que
635 3549 756 3625 domno
781 3577 855 3625 rneo
880 3546 1150 3624 subintellexerin

99 3666 156 3743 hie
175 3663 270 3766 pravi
284 3692 323 3739 ue
341 3664 463 3767 perditi
477 3662 630 3740 homines
645 3694 652 3737 :
670 3663 724 3741 Dr
735 3664 861 3741 meliora
869 3662 952 3763 ptis,
982 3689 1150 3762 erroremque

100 3783 235 3860 hosts'bm
248 3781 335 3855 suurn
349 3791 361 3820 ²
374 3783 382 3853 ἒ

132 4015 142 4045 ¹
159 4010 215 4064 Lib.
227 4010 254 4075 1,
268 4007 341 4080 Eleg.
353 4028 383 4075 v,
397 4028 422 4060 v.
435 4009 526 4082 39-40.

131 4133 144 4162 ²
158 4126 338 4203 ἤρθης.
347 4128 404 4198 ΠΙ,-
416 4148 441 4181 v.
454 4129 515 4185 [ιι-3.
