2550 4972
171 303 232 365 tm
563 305 623 365 nn
649 288 846 367 aanun'aa

208 435 276 495 llos
291 434 450 513 exemplum
471 448 561 497 exstat
582 435 614 496 in
635 436 805 500 bibliotheca
824 436 1041 498 Rostocbiensi.
1061 436 1174 500 Eadem
1196 446 1234 498 est

167 538 253 621 hujus
268 547 353 617 atque
368 534 523 613 superioris
538 536 672 599 editionis
687 538 800 612 charta,
815 536 891 599 idem
904 536 1064 598 litterarum
1076 537 1230 609 character,

170 638 277 700 eaedem
293 637 455 721 signatore.
465 639 507 697 At
518 638 607 700 editio
619 638 726 702 Stoerii
737 660 826 699 unum
838 637 971 718 idemque
979 637 1093 720 insigne
1104 636 1136 697 in
1144 634 1228 697 from

170 734 255 796 babet
267 747 353 817 atque
368 733 398 793 in
409 734 481 804 fines
496 733 585 795 editio
601 748 701 795 contra
714 733 857 796 Anthonii
873 732 904 792 in
920 731 1017 796 fronte
1033 732 1113 794 eliud
1128 732 1226 815 insigne

171 837 272 911 babet,
286 838 317 897 in
328 836 384 899 fine
399 836 474 897 idem
485 834 563 918 quod
574 835 733 897 Stoeriana.
745 834 851 895 Subest
859 834 952 916 aliqua
961 831 1055 907 fraus,
1068 831 1167 894 similis
1175 830 1221 903 illi,

170 955 226 1017 qna
238 933 331 996 editus
343 946 387 995 est
401 932 502 996 eodem
516 956 593 995 anno
605 935 696 1018 flagae
711 931 794 992 simul
807 930 956 993 Comitum
963 943 993 991 et
1002 929 1132 993 Londini
1142 930 1221 991 ilon-

170 1032 227 1093 tius
238 1030 438 1115 Cnningamii,
454 1031 532 1093 nulla
544 1054 575 1092 re
590 1031 660 1105 alia,
676 1029 731 1091 nisi
746 1028 913 1114 insignibus
919 1025 1219 1111 nominibusqneb‘bn-

170 1131 281 1195 riorum
296 1130 434 1195 diversus.

211 1229 342 1292 Melioris
361 1245 440 1293 notae
457 1230 570 1292 videtur
588 1251 669 1304 esse,
694 1252 746 1291 nec
760 1243 853 1292 tamen
869 1242 914 1291 est
928 1228 1056 1311 ejusdem
1071 1226 1137 1289 enni
1150 1221 1217 1285 editi·

171 1331 375 1415 Lugdunensis
393 1332 471 1394 laaec:

215 1460 375 1534 Ctuvntt,
392 1459 516 1533 Tibulli,
534 1460 675 1537 Properti
695 1458 788 1539 Opera
804 1480 869 1539 quae
882 1468 993 1517 exstant
1007 1454 1104 1539 omnia
1117 1494 1126 1527 ,
1140 1449 1170 1512 ad
1180 1466 1217 1508 te-

171 1559 279 1619 tustiss.
294 1559 358 1622 eod.
375 1558 557 1621 bibliothecae
569 1558 635 1620 Jac.
652 1557 786 1616 Grasseri
795 1555 915 1616 fideliter
926 1555 1008 1616 edita.
1019 1552 1133 1629 Quibus
1144 1566 1217 1613 attet-

172 1669 272 1718 serunt
282 1657 408 1717 Cornell
424 1655 501 1717 Galli
515 1654 682 1739 fragmenta.
699 1653 846 1732 Lugduni,
866 1653 1033 1725 MDCVll,
1051 1650 1150 1711 in-aa.

211 1756 282 1817 Non
296 1755 377 1817 valde
390 1755 538 1837 antiquum
551 1754 637 1817 fuisse
654 1754 804 1829 codicem,
818 1775 871 1835 quo
882 1755 913 1812 in
924 1752 1118 1813 celebrantibus
1137 1744 1219 1809 Gutta

170 1865 198 1913 et
211 1854 326 1934 Angtia
343 1855 516 1931 bibliothecis
531 1858 671 1932 meliorem
685 1855 887 1937 deprehendere
903 1853 1030 1934 potuisse
1046 1862 1131 1935 negat
1146 1848 1219 1911 Gaas

172 1979 270 2031 serus,
288 1956 381 2017 statim
399 1956 429 2016 in
443 1957 544 2019 oculos
561 1956 692 2018 incurrit.

212 2056 418 2119 Jo.Passeratii
432 2056 628 2119 commentarii
637 2057 667 2117 in
680 2055 841 2127 Catullum,
853 2052 1000 2115 Tibullum
1011 2049 1221 2133 etPropertiutt

174 2156 295 2217 Parisiis
307 2157 383 2239 apud
397 2156 443 2217 ΕΙ.
459 2156 632 2227 Motellum,
653 2150 748 2227 1608,
765 2152 899 2214 in-folio.

212 2253 306 2312 Verba
325 2266 420 2334 poetae
439 2254 498 2334 ipsa
515 2275 531 2314 e
549 2251 684 2336 Scaligeri
703 2272 764 2312 esse
786 2250 953 2312 recensione
973 2247 1073 2311 asserit
1095 2247 1224 2333 nemias,
1249 2284 1254 2289 ·

175 2362 297 2433 negante
308 2351 426 2413 Vossio.
449 2352 527 2411 idem
546 2350 697 2424 observat,
715 2349 863 2412 Passeratii
879 2348 1080 2427 praelectiones
1095 2369 1146 2409 seu
1162 2354 1226 2407 notu
1254 2360 1258 2393 ε

175 2470 236 2510 non
249 2461 341 2509 totum
353 2462 483 2532 quartum
492 2450 596 2509 librum
609 2449 777 2526 complecti,
789 2461 822 2509 nt
836 2447 906 2510 falso
918 2448 1025 2508 dixerat
1036 2446 1165 2530 lleynius
1173 2490 1181 2521 ‚
1190 2436 1226 2505 sti
1263 2522 1265 2527 Ι

177 2547 272 2609 solum
289 2569 401 2608 carmen
418 2547 449 2607 in
462 2546 619 2609 Messalam.
1263 2548 1265 2553 ’

221 2650 317 2730 Opera
328 2646 453 2720 Catulli,
469 2647 594 2723 Tibulli,
605 2648 739 2726 Properti
760 2660 790 2709 et
801 2650 892 2710 Corn.
910 2647 1004 2722 Galli,
1015 2646 1076 2708 sive
1085 2636 1229 2708 Maximiani
1258 2690 1265 2731 Ι.

175 2745 281 2827 potins.
296 2745 372 2807 Cum
382 2745 476 2806 indice
487 2746 602 2807 Horatii
615 2747 799 2807 Tuscanellae.
812 2746 911 2808 Editio
922 2747 1032 2807 auctior
1043 2744 1161 2824 insuper
1172 2760 1229 2828 poe·
1262 2798 1265 2805 .

176 2847 296 2909 maaibm
315 2847 448 2930 aliquot,
473 2872 536 2930 quae
555 2871 621 2911 tere
639 2850 730 2911 Corn.
751 2848 838 2910 Galli.
861 2850 999 2909 Horwta'a
1019 2848 1096 2931 typis
1117 2840 1229 2910 Wectat

176 2948 252 3029 apud
268 2948 314 3009 Cl
328 2947 514 3011 Marniumct
526 2950 646 3012 hendo.
664 2948 782 3022 Aubrii,
804 2945 900 3021 1608,
918 2944 1009 3008 in-80.

217 3050 272 3111 Est
290 3049 439 3132 repetitio,
453 3062 590 3132 quantum
601 3050 732 3135 intelligo
743 3094 752 3122 ,
769 3050 899 3128 pessimae
915 3049 1086 3112 Basileensis
1096 3072 1162 3112 cum
1172 3050 1231 3111 'lar

178 3149 293 3212 tenellae
304 3148 416 3222 indice,
433 3173 461 3210 v.
476 3172 539 3226 sup.
552 3149 588 3208 ad
601 3146 687 3209 1530.
700 3152 791 3227 (Hoc
805 3149 844 3208 ita
857 3172 887 3209 se
901 3170 963 3210 non
975 3149 1096 3225 babere,
1107 3148 1232 3210 affimant

175 3249 232 3311 alii.
248 3248 370 3310 Videant
386 3246 487 3330 quibus
498 3247 613 3309 facultas
630 3247 800 3325 inspiciendi
816 3261 845 3312 et
857 3249 949 3329 otium
961 3253 1036 3329 est.)
1052 3250 1130 3311 Sunt
1141 3268 1183 3311 eae
1194 3265 1233 3310 rt·

176 3350 273 3428 petitae
290 3347 430 3411 editiones
448 3343 526 3408 1618
540 3360 569 3409 et
585 3345 670 3409 abar.

219 3450 268 3511 Ad
279 3450 352 3511 banc
366 3448 521 3511 editionem
539 3459 620 3508 notat
630 3448 784 3511 Dessenius
794 3471 804 3507 .·
816 3474 830 3504 α
843 3446 959 3509 Profert
973 3430 1048 3510 toti
1056 3449 1150 3512 Henr.
1165 3452 1239 3512 Vos·

177 3548 257 3621 sius,
274 3572 303 3627 p.
318 3548 374 3624 25,
392 3571 426 3610 ex
442 3548 613 3611 bibliotheca
631 3546 763 3608 Heidelb.
778 3547 934 3609 editionem
949 3548 1114 3631 impressam
1125 3548 1242 3611 Potisti't

175 3646 250 3727 apud
268 3647 355 3727 Orry,
370 3669 415 3707 an.
430 3645 523 3721 1608,
540 3668 606 3708 eum
623 3647 700 3709 notis
713 3647 853 3732 Cyllenii,
865 3647 963 3723 Statii,
979 3649 1105 3723 Mureti,
1118 3652 1241 3724 Donum,

178 3744 324 3831 scaligeri.
342 3748 414 3806 llaec
429 3747 526 3809 eadem
536 3746 652 3809 videtur
668 3766 729 3808 esse
745 3745 853 3820 editio,
869 3768 952 3829 quana
970 3746 1081 3825 profert
1095 3768 1200 3810 censor
1216 3746 1246 3807 in

178 3848 245 3911 bibl.
263 3849 326 3911 crit.
340 3849 396 3925 Vl,
409 3850 443 3909 P.
460 3864 516 3921 ιιι,
533 3870 596 3931 pag.
613 3846 673 3933 59,
695 3869 741 3910 an.
759 3846 855 3925 1608,
873 3849 975 3911 in-lol.
990 3847 1166 3930 impressam.
1184 3849 1248 3911 Lit-

176 3953 249 4011 tetiae
266 3950 296 4010 in
314 3947 427 4010 officina
441 3947 644 4031 typographica
659 3946 774 4009 Claudii
788 3948 926 4020 Moselli,
947 3947 992 4009 via
1006 3947 1130 4011 Jacobea
1145 3948 1183 4009 aad
1198 3946 1250 4008 in·

177 4049 258 4132 signe
274 4048 384 4123 fontis,
405 4069 467 4110 non
482 4047 544 4114 sine
558 4048 646 4129 Regis
663 4048 813 4132 privilegio
831 4072 838 4108 a
857 4071 941 4131 quem
956 4048 1072 4113 titulum
1094 4049 1166 4113 dicit
1184 4072 1250 4115 este
