2580 5002
272 693 558 773 oenomaum
590 685 906 752 ARGUMENTA.
1079 684 1126 747 ox

429 874 666 950 CARMEN
705 873 749 944 V.

99 1050 225 1112 Nomine
245 1048 380 1127 Sulpicioe
400 1049 542 1112 Cerintho
557 1048 682 1109 mittitur
697 1047 755 1108 hoc
773 1062 910 1116 carmen,
933 1040 1012 1124 quod
1031 1060 1127 1103 rerera

59 1149 170 1212 Tibulli
191 1162 243 1211 est.
271 1148 431 1211 Occasione
453 1148 550 1210 natalis
573 1159 638 1211 vota
660 1168 714 1226 pro
734 1143 829 1207 mutui
845 1142 950 1205 amoris
972 1140 1130 1204 constantia

58 1251 126 1312 lacit
139 1249 241 1334 puella.

424 1356 660 1431 CARMEN
692 1356 760 1427 Vl.

100 1524 234 1588 Tibullus
253 1527 313 1606 ipse
329 1527 448 1590 natalem
465 1528 599 1611 Sulpiciae
616 1528 690 1591 diem
706 1527 911 1604 celebraturus,
930 1525 965 1585 ad
980 1526 1127 1585 Juuonem
1185 1504 1189 1514 Ι

58 1647 156 1708 preces
170 1625 282 1702 fundit,
300 1641 333 1689 ut
346 1650 473 1691 amorem
484 1627 617 1690 Cerinthi
630 1640 798 1706 perpetuum
809 1637 960 1689 conservet
975 1622 1129 1708 conjugio·

56 1755 113 1815 que
130 1733 236 1810 faveat,
255 1757 422 1818 quamquam
436 1735 538 1818 puellae
551 1746 640 1797 matre
653 1757 715 1797 non
727 1735 880 1797 adnuente.

414 1917 651 1994 CARMEN
686 1918 774 1990 vll.

98 2084 196 2147 Potita
213 2086 289 2148 votis
307 2085 364 2148 suis
380 2087 475 2170 puella
488 2102 518 2151 et
533 2089 667 2153 Cerinthi
684 2089 858 2173 amplexibus
874 2086 1008 2167 perfruita
1026 2084 1133 2146 exultat

59 2207 119 2265 prae
132 2185 246 2269 gaudio.
261 2186 334 2249 Noli
347 2186 443 2251 mirari
456 2210 517 2251 earn
530 2189 636 2275 absque
652 2190 714 2253 ullo
729 2190 840 2273 pudore
856 2188 951 2251 omnia
964 2199 1060 2270 aperte
1074 2185 1133 2246 edi-

60 2306 140 2363 cere,
159 2287 204 2351 cui
218 2287 350 2351 Tibullus
363 2290 502 2370 interpres
517 2305 587 2355 erat.

401 2473 637 2550 CARMEN
672 2473 788 2546 Vlll.

102 2649 139 2708 ln
152 2647 247 2710 villam
262 2650 298 2711 ad
314 2652 434 2713 natalem
447 2673 530 2712 suum
550 2649 749 2713 celebrandum
765 2648 885 2711 abducta
901 2647 1029 2726 Sulpicia
1046 2666 1076 2707 se
1098 2646 1135 2707 ab

59 2759 183 2809 amatore
197 2769 250 2810 suo
266 2748 362 2810 divelli
377 2771 454 2833 aegre
471 2749 534 2810 lert.
550 2749 679 2811 Messalae
693 2749 780 2809 luisse
798 2747 828 2808 in
844 2769 879 2809 co
896 2746 998 2807 itinere
1014 2759 1043 2807 et
1059 2745 1133 2808 lesto

58 2859 191 2924 apparatu
203 2859 298 2925 partes
311 2849 417 2931 aliquas
433 2870 468 2909 ex
484 2872 511 2910 v.
525 2847 561 2923 5,
577 2848 740 2933 colligitur,
760 2848 836 2908 unde
848 2847 931 2909 etiam
946 2844 1073 2924 suspicio
1088 2844 1136 2918 fit,

59 2944 208 3007 Messalam
230 2945 364 3009 amavisse
383 2947 550 3025 Sulpiciam.
568 2948 618 3008 An
638 2969 708 3011 vcro
728 2947 846 3009 Messala
867 2947 901 3008 ad
922 2945 1041 3007 natalem
1057 2943 1134 3006 cele-

58 3044 198 3107 brandum
217 3070 266 3108 rus
283 3069 344 3108 eam
360 3048 540 3122 invitaverit,
561 3047 640 3129 quod
659 3047 787 3131 Scaliger
808 3059 940 3128 tanquam
959 3047 1135 3128 exploratum

57 3143 163 3224 ponit,
181 3146 311 3228 equidem
334 3169 395 3209 non
415 3147 521 3210 diserte
538 3159 793 3210 commemoratum
808 3147 904 3209 video.
927 3145 1032 3222 Quid?
1057 3142 1137 3226 quod

57 3265 114 3305 nec
130 3242 200 3305 illud
217 3245 426 3307 admittendum
439 3246 553 3311 ridetur
570 3247 650 3329 quod
664 3247 698 3306 ad
715 3247 835 3308 natalem
852 3269 936 3308 suum
953 3246 985 3306 in
1002 3244 1067 3308 villa
1084 3264 1136 3304 ce-

58 3341 223 3405 lebrandum
237 3345 284 3405 illa
299 3344 420 3407 abducta
433 3358 565 3424 putatum
584 3369 647 3407 nam
665 3370 681 3409 e
698 3347 828 3429 sequenti
844 3346 967 3408 carmine
981 3346 1078 3427 potius
1095 3343 1137 3405 sic

57 3444 239 3506 statuendum
254 3468 261 3503 :
278 3445 374 3527 quavis
388 3447 440 3508 alia
455 3447 490 3506 de
505 3468 587 3508 eausa
601 3470 650 3507 rus
664 3447 739 3508 illam
755 3445 841 3509 abiise
858 3446 1013 3507 :incidisse
1024 3456 1136 3506 tantum
1252 3472 1256 3479 -

57 3544 115 3604 iter
129 3545 160 3605 in
178 3544 258 3607 illum
272 3547 365 3624 ipsum
382 3547 455 3608 diem
469 3546 520 3629 qui
531 3547 634 3625 puellae
648 3547 747 3609 naulis
765 3561 834 3608 erat.
849 3549 925 3609 Nam
945 3544 1077 3610 Cerinthi
1091 3544 1138 3606 vix

58 3666 122 3707 esse
134 3657 245 3728 potest,
265 3647 330 3730 quia
345 3651 453 3709 inuisus
467 3648 609 3732 adjectum
623 3660 675 3711 est
695 3651 798 3709 Helu.

419 3829 658 3904 CARMEN
696 3829 764 3901 IX.

103 4000 245 4064 Cerintho
264 4002 388 4085 Sulpicia
401 4025 433 4065 se
451 4003 534 4065 natali
548 4003 653 4066 Itomae
668 4025 825 4065 mansuram
841 4023 901 4063 esse
919 4001 1041 4063 nuntiat.

430 4178 668 4256 CARMEN
706 4180 749 4251 X.

99 4349 234 4435 Vulgmis
245 4352 349 4431 puellae
359 4351 531 4430 amplexibus
542 4354 693 4417 indulsisse
704 4355 876 4418 Corinthum
894 4354 1057 4438 suspicatur
1068 4353 1142 4416 Sul-

57 4450 152 4535 picis,
170 4474 292 4536 cumque
308 4453 454 4517 haedere
470 4453 667 4532 reprehendit.
