2550 4972
113 332 129 371 2
447 317 591 386 ALBII
616 320 832 388 TIBULLI

111 458 221 552 Quem
237 453 331 528 labor
346 457 498 533 assiduus
514 459 621 533 vicino
642 477 761 534 terreat
778 461 889 550 hoste,

111 617 214 683 bus‚ubi
224 616 343 671 similiter
350 622 458 673 :iruulta
465 630 612 690 iuurpatur,

110 693 157 746 sibi
169 703 286 747 constare
299 714 386 763 posse3
399 697 435 749 ait
445 696 517 750 enirn
526 707 616 751 noster

111 783 203 841 poeta,
222 773 265 827 lib.
274 774 331 843 lll,
354 775 426 844 Eleg.
436 792 487 844 111,
509 796 575 830 vers.
584 781 613 832 S:

111 872 125 895 ⁴‹
137 852 190 905 Aut
203 862 231 905 ut
242 856 320 904 multa
333 853 384 906 mei
396 863 554 908 renovarent
565 854 614 923 ju-

111 950 172 999 gera
184 932 261 998 tauri,
275 932 309 986 Et
320 951 427 1002 magnas
437 952 533 987 messes
543 943 614 987 terra

111 1007 224 1077 benigna
234 1009 335 1062 daret.»
350 1009 390 1064 ld.
401 1010 429 1063 in
441 1009 500 1069 libri
508 1009 616 1064 secundi

112 1085 184 1156 Eleg.
194 1103 228 1139 111
237 1126 245 1153 ‚
258 1092 302 1154 41:
319 1088 477 1143 «Praedator
487 1087 558 1157 cupit
568 1088 616 1142 im·

111 1185 215 1221 mensos
227 1167 345 1221 obsidere
355 1187 475 1236 campos,
490 1167 530 1221 Ut
540 1172 615 1222 multo

111 1244 279 1298 innumeram
298 1247 388 1315 jugere
408 1255 613 1313 peecatorem.»

113 1322 177 1375 Hoc
189 1322 305 1391 exempla
316 1332 387 1376 certo
400 1321 432 1375 ad
443 1341 501 1375 rem
509 1322 615 1390 propius

111 1400 239 1454 accedunt
255 1419 334 1468 quarn
345 1399 407 1454 illud
421 1401 543 1467 Horatii,
562 1401 614 1455 aJ.

113 1480 150 1532 H.
157 1482 231 1532 Voss.
241 1480 360 1533 relatum.
384 1478 440 1533 lllic
451 1479 523 1532 euim
533 1484 614 1532 imme

110 1566 167 1609 tata
172 1556 267 1609 eodem
277 1575 355 1609 sensu
362 1554 483 1612 scribitur
490 1573 542 1624 quo
552 1559 614 1608 indi·

110 1640 180 1688 rr‘sa:
187 1635 253 1688 adde
262 1635 332 1704 quod
340 1641 365 1690 el
373 1637 452 1686 multa
460 1633 614 1702 quibusdam

110 1711 242 1764 codicibus
255 1712 324 1776 insit,
338 1711 410 1763 verbi
422 1711 513 1779 gratia,
526 1710 613 1776 Statii,

112 1790 196 1856 lsacii,
204 1789 297 1855 vossii,
305 1788 614 1858 Gothanoquesecuudo:

111 1867 209 1921 accedit
222 1878 346 1935 preterea
354 1865 425 1935 quod
433 1867 459 1919 in
469 1869 502 1919 V.
512 1866 615 1919 01110-

111 1947 195 2000 medis
215 1947 281 2000 libro
298 1946 393 2011 citato,
416 1955 480 1999 teste
493 1944 613 2011 Heinsio,

662 632 701 676 tos
712 623 818 677 credere
831 643 935 679 neeesse
946 637 994 680 est
1002 651 1015 674 υ
1036 630 1103 685 Hoc
1115 632 1170 702 qui·

662 699 724 755 dem
736 702 865 775 Heyuius.
883 705 964 759 Nobis
977 705 1050 762 aliud
1062 711 1166 766 credere

662 798 762 833 necesse
771 791 822 842 est,
843 781 896 835 scil.
907 781 1086 840 doctissimum
1097 787 1164 841 illum

662 855 748 909 virum
770 877 785 910 e
807 858 911 912 Tibullo
935 861 1161 930 mathematicum,

663 951 719 985 uon
730 945 836 1003 poetam
847 935 976 991 effinxisse
986 978 995 1006 ,
1016 941 1113 1012 quippe
1122 941 1161 1011 qui

662 1013 751 1066 omnia
770 1032 930 1083 quecunque
945 1013 987 1070 ille
1001 1016 1112 1085 dixerit,
1131 1019 1159 1072 ad

662 1090 773 1144 verbum
781 1093 966 1162 interpretatus
976 1095 1019 1163 sit,
1033 1108 1064 1151 ut
1071 1098 1103 1152 de
1111 1117 1158 1151 uno

662 1169 794 1223 aceodern
802 1170 884 1225 milite
893 1172 1062 1229 incommoda
1069 1174 1157 1231 milen

663 1245 831 1318 intelligenda
844 1247 1006 1303 viderentur.
1025 1250 1156 1321 Quolntto

662 1323 774 1377 verbum
785 1335 854 1379 tenet
862 1325 961 1378 mirum
971 1326 1000 1379 iu
1008 1328 1157 1383 moduinus*-

662 1415 706 1473 get
717 1404 848 1476 Heynius‚
861 1405 933 1474 quasi
940 1423 1006 1474 opus
1013 1406 1155 1461 essetmilite

662 1502 735 1536 nunc
743 1482 809 1553 agris
817 1483 868 1538 suis
877 1483 1016 1539 insidente.
1027 1486 1083 1541 Nec
1089 1485 1155 1539 video

661 1558 725 1627 quid
737 1559 871 1628 impediat,
884 1578 937 1628 quo
948 1561 1039 1615 miuus
1045 1561 1155 1616 bostisri·

662 1635 851 1702 ciuusdicatur‚
860 1656 915 1689 nou
924 1636 1033 1706 quidem
1041 1640 1107 1709 agri;
1116 1636 1154 1692 ωδ

663 1715 834 1785 ipsiusmilitis
846 1736 916 1771 nunc
927 1718 1057 1787 stipendia
1068 1720 1155 1773 lacien-

663 1792 695 1845 tis
704 1791 872 1861 laboremque
883 1793 1063 1862 suscipientis,
1079 1793 1153 1863 quoin

663 1881 796 1936 posterum
815 1870 905 1937 jugem
920 1890 1015 1938 mam
1032 1871 1073 1926 vel
1086 1874 1154 1924 nlla

663 1949 786 2018 acquirat.
794 1948 847 2001 sed
854 1949 997 2022 Heynalia
1005 1949 1154 2006 bissenibm

110 2024 206 2096 legitur
216 2029 305 2084 multa.
327 2043 381 2077 nou
393 2043 494 2090 maffia.

143 2107 166 2159 3.
185 2106 250 2159 Haec
269 2105 395 2174 scriptura
406 2123 421 2157 e
432 2104 520 2157 codice
533 2103 613 2158 Pari·
664 2102 841 2171 «Quomodo,
853 2103 898 2169 ait,
912 2103 962 2159 boc
973 2103 1033 2159 fieri
1044 2113 1153 2176 potestat

109 2184 187 2238 sieusi
199 2195 266 2237 etex
277 2183 339 2237 edit
351 2183 413 2237 anni
427 2186 487 2252 1472
500 2191 612 2251 sumpta,
661 2182 735 2235 labor
757 2181 893 2236 terreati..
902 2223 908 2235 .
918 2224 939 2235 ..
959 2195 1064 2247 tenent
1080 2184 1153 2249 mala,

109 2261 185 2316 nobis
197 2262 308 2314 lectione
319 2265 442 2314 adsiduus
458 2259 552 2312 melior
561 2261 614 2312 visa
661 2261 784 2329 pericula,
795 2261 962 2327 discrimina
980 2262 1054 2317 lubor
1065 2274 1153 2328 auen,

109 2349 156 2394 est.
166 2338 361 2392 Hocdisticbon
369 2357 383 2391 a
392 2338 547 2407 quibusdam
554 2356 612 2408 spu·
660 2339 755 2409 quippe
767 2339 811 2410 qui
822 2341 973 2395 tolerandus
982 2352 1038 2408 est,
1058 2341 1154 2412 premit,

109 2414 532 2484 riumiuterpolatumquedicitur,
542 2416 613 2470 itaut
660 2429 746 2488 urget,
759 2430 867 2474 exercet
886 2420 974 2475 «Pace
987 2420 1154 2476 tautivirila·

108 2497 138 2549 iu
147 2493 280 2548 nonnullis
289 2493 447 2548 editionibus
455 2495 529 2549 desit
542 2497 613 2567 Hey·
660 2496 709 2549 bor
720 2497 768 2551 etsi
784 2496 949 2564 tolerandus,
971 2508 1064 2554 tomen
1075 2498 1154 2553 usius

109 2576 184 2638 nius,
198 2572 243 2642 qui
254 2572 291 2625 illi
302 2571 329 2624 in
341 2571 456 2625 editione
468 2592 513 2626 sua
524 2573 611 2627 locum
659 2594 714 2628 eece
731 2585 832 2644 potest,
850 2585 880 2629 ut
899 2576 993 2630 meiito
1004 2587 1104 2631 terrere
1113 2574 1153 2629 di-

108 2651 245 2721 patelecit,
264 2659 352 2703 tamen
369 2668 424 2702 nou
435 2648 537 2703 dubitat
547 2651 611 2720 quin
658 2661 745 2715 catur-3
767 2650 851 2705 absint
866 2650 953 2720 itaque
965 2653 1155 2708 emendatone

106 2732 140 2784 sit
151 2728 329 2785 eradendum:
342 2729 408 2782 «sic
421 2741 509 2783 autem
521 2731 544 2783 ei
556 2731 611 2800 pri-
657 2737 785 2792 exerceat,
806 2739 908 2790 teneat,
926 2749 1013 2797 paror.
1040 2731 1154 2801 neniqoe

106 2830 182 2879 mum
200 2807 331 2863 distichon
345 2828 436 2877 parum
454 2809 608 2879 respondet:
659 2809 780 2881 Heynius
798 2809 876 2861 verba
893 2813 1005 2863 classica
1019 2814 1097 2878 pulsa
1113 2810 1154 2863 iu-

101 2894 170 2945 'nam
184 2889 229 2959 qui
240 2887 325 2942 adbuc
336 2887 383 2940 sub
400 2886 478 2957 siguis
489 2887 608 2954 babetur,
658 2889 754 2953 leepat.
771 2885 901 2940 «Classica
911 2887 968 2940 cani
978 2887 1020 2940 vel
1030 2886 1114 2943 inflari
1122 2886 1156 2940 di·

106 2969 154 3023 etsi
164 2968 230 3022 forte
242 2964 285 3019 ille
297 2981 438 3034 congerere
450 2963 550 3018 divitias
560 2964 610 3017 dici
658 2974 763 3029 cuntur,
776 2982 832 3017 uon
843 2963 916 3032 pelli;
929 2976 974 3018 aut
984 2965 1065 3035 igitur
1074 2965 1154 3025 exole-

105 3048 202 3119 possit,
230 3043 352 3099 nondum
373 3054 460 3097 umen
481 3041 523 3096 ille
545 3053 612 3097 tenet
658 3054 750 3095 verant
766 3042 910 3096 litterarum
926 3042 1019 3098 duetus
1033 3045 1153 3099 invem

104 3126 172 3180 culta
184 3125 276 3193 jugera
286 3120 349 3183 soli;
362 3131 408 3173 aut
417 3119 439 3173 si
451 3129 533 3185 tenet,
546 3118 609 3172 alie·
656 3118 744 3173 charta
763 3130 790 3173 et
805 3119 873 3174 male
893 3121 1005 3188 reparati
1017 3133 1095 3188 sunt,
1113 3130 1153 3174 ant

104 3221 170 3256 num
191 3212 281 3255 tamn
298 3197 348 3251 boc
367 3215 438 3251 nuuc
453 3215 467 3249 a
480 3207 534 3249 tota
546 3215 608 3249 seu·
656 3194 766 3249 debetur
774 3205 857 3248 totum
865 3195 995 3253 distichon
1004 3195 1153 3253 bomiuido

103 3281 193 3335 tentia.
211 3276 317 3346 Alioqui
335 3275 403 3329 bene
422 3275 546 3329 convenit
559 3275 608 3327 boc
654 3281 696 3323 cto
707 3290 738 3324 eu
747 3271 844 3325 seriore
856 3290 927 3325 aro:
938 3272 963 3325 ei
974 3273 1078 3331 classice
1087 3271 1153 3344 pulsa

103 3356 174 3426 quod
185 3357 212 3409 in
224 3365 288 3408 nota
301 3353 390 3424 posui:
408 3351 503 3421 duplex
513 3370 544 3404 ex
556 3352 608 3403 mi·
655 3349 736 3402 videri
754 3359 876 3418 poterant
892 3352 1018 3418 quoniam
1035 3363 1153 3425 tympano

102 3435 156 3489 litia
178 3433 280 3489 lucrum
300 3431 394 3503 prede
412 3441 440 3485 et
460 3430 606 3500 assignato·
654 3428 727 3496 pulsa
746 3428 891 3497 cogitabat,
910 3447 968 3498 quae
990 3448 1061 3485 nunc
1081 3427 1153 3500 sigub

102 3531 163 3564 rum
178 3530 301 3580 agrorum
320 3510 346 3563 b.
362 3510 411 3563 loc.
424 3508 524 3577 respici.
546 3507 605 3560 Co·
654 3507 807 3561 militaribus
835 3507 944 3561 edendis
968 3508 1150 3564 adhibentur.»

102 3589 216 3660 gitabam
234 3589 267 3643 de
286 3588 416 3643 veteranis
426 3586 566 3640 limitaneis
578 3587 605 3639 iu
654 3585 681 3638 J.
703 3586 740 3638 H.
759 3587 833 3639 Voss.
857 3585 924 3638 banc
943 3584 1150 3644 xantonensi

100 3665 205 3734 imperii
223 3665 319 3719 finibus
342 3665 464 3720 adversus
484 3664 606 3716 barbaros
655 3663 806 3734 Heyuium,
820 3664 891 3731 quasi
904 3664 932 3715 in
946 3662 1067 3731 bostem,
1078 3665 1150 3717 im-

100 3743 245 3808 collocatis,
268 3743 312 3810 qui
329 3753 357 3796 et
375 3762 449 3811 agros
468 3752 560 3795 tenere
579 3751 606 3795 et
654 3739 734 3794 deudi
752 3752 859 3807 nactus,
881 3759 942 3794 eum
961 3741 1059 3795 merito
1074 3739 1150 3795 telel-

99 3822 178 3876 simul
194 3820 293 3874 militie
310 3830 423 3874 terrores
434 3819 544 3888 experiri
556 3839 605 3889 po-
653 3817 692 3885 lit,
706 3818 857 3872 Lucretium
869 3817 1058 3888 Catullumque
1068 3835 1151 3875 secun

100 3911 203 3962 terant;
224 3898 321 3952 Tibulli
340 3908 413 3951 aetate
431 3896 553 3950 nondum
565 3897 604 3950 le·
653 3898 800 3964 adducens,
815 3898 859 3967 qui
871 3909 982 3967 uterque
994 3904 1091 3968 pellem
1103 3903 1152 3953 dn-

101 3978 190 4047 gioues
200 3978 228 4029 in
241 3975 364 4028 limitibus
375 3973 546 4027 habebantur.
564 3976 603 4028 lto
652 3984 830 4047 mamilus
842 3980 947 4044 (ligem
965 3981 1037 4050 quod
1050 3981 1153 4054 quidm

100 4076 162 4109 vero
182 4075 268 4110 versus
286 4075 299 4106 a
316 4053 413 4108 seriore
431 4064 507 4120 poeta
519 4054 603 4106 inser·
652 4055 760 4109 minime
771 4055 843 4112 litem
854 4054 1008 4124 dirimeret,
1026 4058 1077 4114 uisi
1088 4056 1154 4130 opud

662 2026 746 2078 inesse
759 2024 887 2092 declarat,
907 2045 965 2096 que
978 2047 1026 2083 uos
1037 2037 1153 2098 premant
