2550 4972
509 317 569 378 DE
591 317 790 379 TlBULLI

1087 519 1207 530 *-

118 643 217 748 DE
264 641 580 750 TlBULLl
625 644 1202 754 EDITIONIBUS¹.

528 857 768 884 ᾧ

371 1008 622 1082 EDITIONES
645 1008 823 1083 SAECULl
848 1011 921 1083 XV.

468 1364 494 1434 l.
514 1362 705 1449 Plnellchun,
725 1363 830 1455 in-lp‘.

237 1561 338 1621 henrr.
361 1560 486 1620 Trnvm.
507 1560 643 1622 Poenis.

235 1670 406 1729 lrnvsmrs.
427 1670 535 1730 Lrnsre
556 1670 690 1731 Pmuvs
711 1670 768 1730 Er.

232 1778 347 1838 Pnruo.
369 1779 542 1838 Puerum
560 1801 567 1837 :
587 1780 692 1854 Qvon.
711 1779 873 1839 Drvrnrs:

234 1887 356 1959 hrovn
377 1890 517 1949 nmen.
537 1888 679 1950 smmis.
699 1889 837 1948 Drmsu.

233 2000 340 2060 Assur.
360 2015 410 2061 nr.
435 1999 551 2060 Auum.
574 1999 709 2060 Vsusne.

233 2109 388 2172 Pnonsvs.
410 2108 520 2170 Venrr.
544 2110 678 2169 lncrmr.
699 2109 776 2169 Fon.

154 2287 190 2345 ln
202 2283 260 2344 fine
270 2299 315 2346 est
328 2285 459 2366 Sapphus
474 2285 603 2363 Epistola
620 2285 655 2348 ed
675 2285 843 2358 Phaonem,
862 2306 896 2346 ex
912 2285 1040 2359 ovidio,
1058 2286 1103 2347 cni
1119 2285 1211 2345 hoc

104 2384 257 2447 distichon
270 2384 379 2447 accedit
391 2407 399 2442 ε

273 2537 322 2591 Illa
333 2539 417 2591 furens
431 2537 531 2591 Phaoni
543 2556 619 2608 quam
633 2540 730 2613 scripsit
743 2540 844 2613 epistole
858 2540 962 2615 Sappho

308 2636 434 2710 Explicit:
446 2656 476 2690 er
488 2656 568 2712 greco
584 2638 710 2691 transtulit
720 2639 838 2692 Ovidius.

152 2808 166 2838 e
184 2782 324 2844 Omnium
340 2782 515 2857 editionum,
533 2782 679 2866 inquibus
696 2783 829 2845 Tibullus
842 2805 973 2847 seorsum
987 2804 1003 2844 e
1018 2784 1135 2847 Catullo
1149 2795 1183 2847 et

109 2881 260 2960 Propertio
277 2882 403 2960 prodiit,
415 2895 553 2964 quatenus
569 2883 701 2965 equidem
721 2896 848 2961 constat,
864 2885 926 2945 haec
940 2881 1175 2962 prima'videtur‚

108 2987 260 3066 eademque
274 3006 392 3044 summae
405 2984 544 3059 raritatis,
561 3006 655 3068 neqne
668 2984 787 3046 minoris
805 2984 1025 3068 pulchritudinis
1043 2999 1097 3046 est.
1112 2990 1175 3049 De·

107 3097 176 3147 snnt
191 3084 221 3143 in
232 3105 263 3145 ea
276 3084 408 3159 numeri,
425 3085 576 3169 signaturae
592 3098 621 3145 et
634 3086 767 3146 custodes
780 3108 787 3144 :
802 3085 913 3169 paginae
923 3086 1044 3172 singulte
1055 3087 1176 3148 carmine

108 3199 229 3269 quatuor
245 3199 274 3247 et
291 3184 394 3269 viginti
410 3198 442 3245 ut
457 3186 611 3264 plurimum
626 3187 788 3247 continent.
812 3187 965 3248 Chnmcter
982 3190 1129 3249 Romanus
1145 3211 1176 3250 sc

106 3287 271 3371 perelegans
285 3297 342 3362 est,
357 3286 496 3367 planeque
512 3286 606 3359 idem,
626 3308 684 3368 quo
700 3286 863 3348 Elorcntins
877 3288 911 3347 de
926 3287 1083 3365 Argenuus
1098 3291 1176 3352 Ora-

104 3387 215 3448 tionem
230 3386 331 3448 Jacohi
345 3386 469 3448 Romani
481 3407 535 3463 pro
552 3387 660 3464 populo
676 3386 816 3448 Brixiensi
831 3389 865 3446 ad
881 3387 1033 3449 Nicolaum
1043 3389 1175 3452 Tronum

107 3488 220 3548 Ducem
240 3488 424 3549 Venetiarurn
447 3508 491 3546 an.
517 3484 592 3569 1472
609 3527 619 3558 ‚
639 3485 803 3568 impressit,
824 3508 856 3547 ac
874 3487 953 3547 Serti
974 3509 1091 3569 quoque
1107 3489 1175 3551 Rnli

107 3586 282 3648 Breviarium
295 3587 434 3648 Historiae
448 3588 610 3662 Romanae,
632 3586 753 3647 Jonnnis
767 3586 802 3646 de
819 3588 990 3648 Sucmbusco
1005 3590 1174 3668 sphaeram,

104 3687 264 3772 Augustini
283 3687 351 3747 nati
365 3686 558 3770 Elegantiolns
575 3686 670 3747 latini
687 3687 836 3749 Sermonis
851 3700 881 3748 et
895 3689 1031 3751 Ovidium
1049 3690 1084 3751 dc
1101 3691 1175 3753 Arte

135 3888 146 3920 ¹
162 3885 323 3939 {luschhinm
335 3883 377 3936 hie
390 3885 421 3935 td
433 3883 538 3936 verbum
549 3885 600 3936 sere
608 3882 699 3950 secuti,
712 3883 856 3954 lleyninm,
871 3885 939 3956 quod
951 3887 983 3937 ed
993 3885 1078 3940 saecnli
1094 3888 1175 3943 XVII

99 3968 227 4024 editiones
238 3970 357 4044 pertinet,
369 3969 484 4022 comitem
496 3969 563 4021 necti
572 3988 671 4033 sumus3
684 3983 708 4021 et
721 3969 765 4021 uhi
778 3969 829 4042 ipse
840 3970 955 4040 Heynius
966 3991 1012 4023 nos
1024 3973 1174 4046 dereliquit,

101 4056 209 4131 propriis
220 4055 316 4111 vitibus
327 4053 435 4121 conlisi,
447 4053 479 4106 td
490 4055 557 4107 huuc
568 4074 646 4124 usque
660 4055 728 4108 diem
742 4054 882 4129 catalogum
893 4055 1065 4130 perduximus.
