2550 4972
103 329 146 408 xvj
368 327 621 392 PRAEFATIO
650 328 890 393 Enlrottts.

523 538 740 595 TIBULLUS.

149 710 199 783 Ne
215 711 360 785 animum
379 711 600 814 despondeas,
619 741 754 813 precor,
773 714 884 787 amice.
904 713 996 787 Licet
1016 716 1103 788 enim
1116 714 1165 789 illi

101 825 268 916 homines,
286 855 371 929 quos
384 828 579 917 nominasti,
602 846 633 902 te
652 828 687 902 in
706 829 859 904 omnibus
874 827 972 925 longe
989 848 1164 930 prestent,

101 962 181 1019 sunt
197 962 305 1020 tamen
320 946 468 1048 quedam
483 948 519 1019 in
538 946 658 1046 quibus
675 974 738 1020 nos
756 946 909 1038 adjuvare
926 948 1045 1046 possis.
1062 948 1166 1044 Quod

99 1060 143 1132 ad
152 1057 309 1134 lectiones
321 1059 454 1148 attinet,
467 1060 532 1133 fata
541 1059 646 1134 invisa
658 1086 710 1131 me
719 1057 812 1158 loqui
823 1077 933 1133 vetant
944 1089 952 1144 ;
963 1088 1096 1135 neeesse
1107 1063 1168 1135 erit

99 1173 217 1271 igitur,
236 1175 377 1277 optimas
393 1203 432 1248 ex
447 1173 529 1260 illis,
545 1201 627 1274 quas
642 1173 786 1247 offerunt
798 1173 892 1260 libri,
906 1175 1025 1273 seligas
1041 1177 1168 1251 :facilis

104 1306 138 1363 et
152 1289 230 1363 felix
247 1290 310 1364 erit
326 1290 439 1375 labor,
458 1292 536 1365 dum
549 1288 766 1390 simpliciores
782 1289 969 1389 amplexus,
988 1309 1023 1365 tu
1036 1321 1169 1367 sensnm

103 1432 232 1505 semper
251 1405 309 1505 qui
327 1404 363 1477 in
381 1420 538 1504 promptu
565 1403 648 1488 erit,
671 1404 834 1504 sequaris,
861 1421 894 1477 et
921 1406 1044 1507 peritas
1069 1424 1169 1507 atque

102 1520 202 1617 longe
211 1521 331 1621 petitas
343 1519 500 1594 lectiones
510 1518 750 1605 latitaresinas.
762 1521 943 1618 Elegantia
952 1521 1003 1595 vel
1014 1522 1169 1624 exquisiti

103 1666 220 1714 sensus
232 1638 332 1712 nimia
345 1638 545 1712 consectatio
556 1637 751 1740 plerumque
764 1640 962 1739 interpretes
977 1638 1124 1741 decepit,
1138 1656 1170 1713 et

102 1783 206 1829 arera
218 1755 380 1855 scriptura
392 1756 550 1830 avocavit.
571 1754 671 1843 Mihi,
686 1755 983 1859 pariterqueDeliae
997 1775 1029 1831 et
1039 1759 1170 1832 Nemesi

104 1871 261 1956 concede,
275 1887 313 1943 ut
325 1869 435 1970 quiete
445 1868 644 1945 carminibus
654 1869 721 1943 frui
734 1870 913 1974 possimns3
926 1900 1034 1972 neque
1040 1873 1171 1974 Lygda-

102 2019 193 2064 mum
201 1988 364 2086 excogita,
375 1987 428 2063 eui
436 2016 586 2086 magnam
595 2015 708 2062 eorum
715 2006 842 2092 partem
849 1988 1030 2078 condones,
1045 1992 1171 2092 quippe

103 2106 162 2208 qui
175 2106 362 2207 Lygdamus
375 2105 448 2206 ipse
462 2104 594 2194 fuerim,
615 2103 691 2178 licet
702 2123 761 2178 tuo
776 2104 897 2178 Vossio
910 2104 965 2176 ilia
980 2121 1169 2203 rmnpontur.

102 2223 155 2297 De
169 2224 282 2296 Neaera
294 2251 427 2325 quoque
444 2241 528 2309 tace,
548 2223 639 2324 quod
654 2222 904 2325 supposititium
920 2249 1059 2309 nomen,
1077 2249 1171 2322 aeque

103 2367 141 2412 ac
154 2337 237 2413 illud
258 2337 417 2438 Glycera,
437 2336 560 2412 multos
577 2336 709 2424 fefellit3
724 2337 846 2439 quibus
860 2367 922 2441 pro
938 2365 1036 2438 poena
1051 2338 1110 2427 sit,
1135 2357 1172 2412 ut

105 2456 202 2533 etiam
214 2453 342 2541 nullas,
362 2454 426 2528 nisi
440 2483 512 2556 quae
527 2456 661 2530 nomine
679 2473 806 2529 tantum
827 2455 1027 2544 exstiterint,
1046 2456 1081 2527 in
1101 2484 1173 2530 am-

104 2570 259 2673 plexibus
273 2571 429 2645 babeant.
445 2575 564 2659 Utere,
582 2601 710 2673 quaeso,
729 2589 822 2646 utere
834 2573 1009 2648 doctorum
1021 2571 1176 2646 lucubra-

106 2686 271 2773 tionibus,
288 2688 372 2761 utin
388 2686 629 2761 commentariis
645 2685 839 2789 plerumque
854 2687 1017 2761 Huschlii
1028 2687 1174 2785 vestigiis

106 2804 258 2892 insistas,
283 2822 316 2880 et
331 2806 375 2878 fl.
398 2804 553 2878 Vossium
570 2804 735 2906 precipue
750 2804 903 2901 refugias.
929 2806 993 2877 Hic
1012 2805 1114 2891 enim,
1138 2833 1176 2878 ex

109 2946 177 3024 qno
183 2949 235 2996 me
243 2919 381 2995 feliciter
387 2922 569 3017 germanice
577 2918 670 3021 loqui
679 2920 790 3015 jussit,
803 2921 991 2994 societatem
997 2920 1176 2994 carminum

108 3066 235 3113 mecum
244 3037 357 3111 iniisse
368 3054 475 3123 ratus,
488 3055 519 3111 et
530 3036 740 3133 germanicis,
755 3064 827 3138 quae
840 3035 912 3138 ipse
927 3037 1093 3126 condidit,
1108 3066 1177 3111 non

109 3157 265 3243 satiatus,
285 3156 381 3231 etiam
397 3156 432 3229 in
449 3154 560 3229 latinis
575 3156 656 3230 meis
670 3155 915 3257 portiunculam
933 3155 995 3230 sibi
1011 3157 1177 3256 quaesivit,

110 3273 157 3346 ita
170 3290 207 3347 ut
218 3300 322 3374 saepe,
340 3272 373 3344 in
386 3300 454 3346 uno
468 3300 506 3345 ac
520 3272 634 3347 eodem
647 3301 761 3358 versu,
777 3272 974 3347 vocabulum
986 3272 1041 3347 ille
1054 3272 1180 3347 locaret

111 3386 247 3464 omnino
264 3416 376 3476 sunm,
398 3388 479 3462 mibi
496 3417 573 3462 vero
591 3407 705 3463 caetera
721 3389 937 3490 relinqueret;
963 3407 1000 3462 ut
1015 3389 1083 3461 avis
1099 3388 1177 3475 illa,

113 3533 186 3607 quae
198 3534 258 3579 ova
271 3505 307 3578 in
317 3503 513 3578 alienonido
523 3505 628 3607 ponit.
644 3509 765 3580 Restat
775 3504 899 3594 adbuc,
912 3524 948 3579 ut
963 3506 1082 3579 devita
1096 3532 1180 3605 praa·

113 3619 232 3722 cipiam
248 3650 256 3692 ι
274 3618 376 3693 multa
391 3620 681 3705 circumferuntur,
698 3648 799 3722 eaque
812 3620 1026 3720 perabsurda.
1051 3618 1180 3690 Hieme

112 3737 242 3812 adsiduo
250 3738 317 3839 epae
330 3736 500 3837 prohibet;
514 3737 571 3810 ille
580 3736 660 3811 mibi
671 3736 891 3812 nobilioribus
902 3737 987 3809 vinis
998 3735 1180 3821 interdicit3

114 3854 193 3928 buic
203 3854 230 3928 si
241 3856 408 3942 accredas,
420 3881 463 3926 ne
472 3872 565 3927 torus
577 3854 708 3955 quidem
719 3872 905 3955 supererat;
918 3853 967 3926 illi
982 3852 1077 3926 etiam
1084 3849 1180 3923 Delia

116 3970 202 4046 stola
219 3970 414 4044 denudanda
430 3969 572 4058 videtur,
593 3998 705 4069 quam,
730 3968 895 4081 intelligo,
916 3968 1068 4042 lubenter
1088 3985 1180 4039 veste

118 4105 258 4162 exueret
280 4089 378 4163 Certe
395 4087 423 4162 si
439 4085 538 4161 nobis
555 4115 615 4187 per
626 4087 765 4163 mediam
778 4085 893 4162 silvam
907 4086 970 4160 iter
982 4084 1178 4161 facientibus
