2550 4972
155 332 166 392 l
544 336 603 395 DE
632 336 832 396 TIBULLl

161 490 177 519 α
192 465 373 545 Propertium
397 486 464 525 cum
487 479 603 530 vetusto
621 467 729 531 Codice
752 467 949 530 contulimus:
973 466 1023 529 sed
1038 489 1103 549 qum
1121 467 1158 528 de
1181 467 1234 530 illo

162 563 245 626 nobis
268 564 439 647 sumpsimus
460 566 536 627 baud
556 569 754 647 adscripsimus
774 569 841 631 huic
862 568 988 643 Codici,
1011 569 1061 629 sed
1081 569 1112 629 in
1131 568 1233 631 libello

160 665 327 740 retulimus,
345 665 395 748 qui
409 680 453 728 est
467 668 622 747 inscriptos
637 691 644 727 :
659 671 848 750 Antiquarum
863 670 1097 730 emendatrbnum.
1107 695 1122 724 n

197 766 262 829 Alia
275 768 358 850 hujus
373 767 506 830 editionis
521 771 645 848 exempla
660 770 726 830 alibi
742 770 945 849 reperiuntur,
968 793 1059 832 unum
1074 771 1232 854 Argento-

156 872 228 943 rati,
246 871 294 931 cui
308 871 376 930 item
394 870 534 949 adscripta
547 885 617 933 sunt
631 866 797 935 Scholia⁸ad
811 874 968 955 marginem
978 885 1008 935 et
1022 874 1096 933 iuter
1110 895 1231 934 versus:

157 970 237 1044 duo,
254 971 333 1052 quod
350 970 454 1045 sciam,
472 971 503 1031 in
518 972 689 1047 Germania,
704 972 827 1032 alterum
839 971 1042 1047 Vindobona,
1058 985 1131 1034 teste
1145 973 1233 1033 Has-

156 1071 230 1131 chlru
247 1070 278 1129 in
292 1071 421 1148 Epistola
435 1073 470 1131 ad
485 1071 701 1147 Ahlwardtum,
716 1072 835 1133 alterum
853 1073 1005 1146 Vimariae,
1028 1084 1101 1134 teste
1113 1072 1232 1134 Handio

155 1170 185 1231 in
207 1172 349 1253 prooemio
365 1170 506 1233 Silvarum
525 1171 626 1248 surii,
648 1197 676 1256 p.
699 1194 746 1256 29.
776 1173 844 1234 Fuit
858 1174 941 1234 ctiam
960 1195 1052 1234 unum
1069 1172 1099 1232 in
1119 1171 1234 1234 biblio-

156 1271 237 1331 theca
246 1272 361 1334 Ludov.
373 1276 458 1334 Joan.
473 1273 615 1352 Gnignot,
634 1273 774 1347 laudatum
787 1274 817 1334 in
832 1274 972 1357 Catalogo
985 1288 1013 1350 ¹,
1032 1285 1054 1335 t.
1067 1276 1094 1348 l,
1109 1294 1138 1351 p.
1151 1273 1233 1348 411,

155 1395 183 1433 n.
202 1397 216 1456 ¹.
221 1370 296 1456 598,
313 1376 353 1435 sic
371 1397 377 1433 :
613 1440 616 1446 ,

196 1475 323 1550 Catulli,
347 1474 457 1538 Tibulli
470 1489 499 1538 et
515 1477 659 1560 Propertii
678 1480 792 1557 Opera,
812 1500 865 1540 nec
884 1499 944 1539 non
963 1478 998 1537 P.
1017 1475 1130 1553 Papinii
1145 1475 1234 1537 Statii

156 1577 258 1657 Sylvae.
280 1576 380 1638 Editio
398 1577 528 1655 prirnmia
547 1577 614 1637 anni
642 1580 718 1662 1472
743 1576 972 1656 (characteribus
988 1576 1137 1637 Vindelini
1159 1577 1234 1654 Spi-

155 1675 246 1737 rensis
262 1681 393 1756 excusa),
411 1700 489 1755 parv.
505 1678 637 1740 in-iolio.

194 1780 239 1838 De
256 1778 386 1860 exemplo
403 1778 497 1840 Musei
512 1778 668 1840 Britannici
683 1791 713 1839 et
725 1778 858 1840 biblioth.
875 1777 988 1840 Aslew.
1004 1777 1085 1860 quod
1099 1777 1232 1859 lleynius

153 1875 268 1951 laudat,
296 1896 359 1938 non
378 1877 478 1960 liquet.
498 1878 591 1952 Vide,
606 1902 672 1960 quae
691 1901 774 1960 supra
792 1878 913 1940 diximus
928 1880 964 1940 ad
983 1901 1012 1940 n.
1031 1880 1089 1938 lll.
1107 1878 1233 1939 Exstant

154 1977 338 2056 exemplaria,
351 1999 367 2037 a
380 1977 481 2058 quibus
496 1976 574 2037 abest
588 1979 715 2052 Statius,
727 1970 886 2058 cujusmodi
899 1999 988 2036 unum
1000 1975 1142 2036 Bardilius
1156 1976 1232 2038 vidit

111 2127 117 2140 ,
154 2078 185 2137 ἰιι
204 2078 337 2142 biblioth.
360 2082 432 2161 tteg.
455 2077 617 2139 Parisiensi.
642 2077 735 2137 Etiam
758 2077 789 2137 in
818 2076 949 2158 catalogo
970 2076 1103 2138 biblioth.
1130 2077 1231 2139 Nicol.

154 2181 252 2241 Roscii
269 2181 390 2253 citatur,
413 2204 441 2261 p.
459 2176 509 2252 64.
531 2177 711 2253 «Catullus,
729 2177 863 2239 Tibullus
880 2188 909 2237 et
927 2177 1117 2258 Propertius,
1140 2175 1231 2251 in-d‘*

153 2281 215 2341 sine
229 2269 342 2342 locoet
356 2302 457 2354 anno,
480 2270 589 2361 imperi.
603 2306 617 2330 u
638 2280 726 2339 Nunc
741 2279 773 2338 in
788 2278 962 2341 bibliotheca
982 2276 1175 2352 Comiciana,
1199 2278 1232 2339 in

154 2402 237 2462 quam
256 2393 325 2459 post
344 2392 468 2442 mortem
483 2379 581 2440 Rossii
596 2400 661 2440 cum
678 2377 795 2458 reliquis
811 2381 871 2460 ejus
886 2377 964 2438 libris
982 2375 1132 2451 omnihus,
1150 2400 1232 2439 mun

159 2477 255 2564 1785,
271 2481 410 2559 pervenit.
425 2479 513 2542 Conl.
528 2478 675 2563 Catalog.,
691 2502 720 2556 p
735 2476 764 2537 8.
782 2480 835 2539 Est
849 2480 912 2541 haec
923 2478 1024 2561 procul
1039 2476 1131 2569 dubio
1137 2479 1232 2542 editio

157 2581 300 2643 decurtata
313 2605 358 2643 an.
380 2580 473 2665 1472,
491 2602 572 2662 quam
589 2579 633 2642 vel
646 2602 763 2656 prorsus
779 2581 931 2654 omittere,
947 2580 992 2641 vel
1002 2580 1161 2642 accuratius
1175 2580 1232 2643 de-

156 2681 269 2766 signare
285 2681 404 2744 debebat
420 2683 579 2755 Panuerus,
595 2694 667 2743 tom.
682 2682 746 2756 lV,
770 2705 799 2763 p.
820 2702 874 2765 ¹⁰7
890 2725 898 2756 ,
921 2705 949 2741 n.
969 2679 1047 2765 298,
1066 2681 1232 2744 adscribens

156 2782 232 2845 llhrn
250 2806 285 2846 es
300 2783 356 2847 fide
371 2783 447 2847 illius
465 2782 613 2865 Catalogi,
623 2778 678 2857 sol.
695 2793 725 2842 et
737 2804 898 2860 provocans
916 2782 950 2843 ad
970 2781 1105 2843 Msittarii
1123 2782 1230 2843 Annal.

157 2885 342 2969 Typograph.
355 2931 364 2962 ,
379 2897 451 2947 tom.
466 2888 538 2966 l,p.
557 2883 632 2967 752,
650 2881 700 2942 ubi
714 2884 793 2944 solus
809 2882 939 2944 Catullus
954 2881 1072 2957 in-iol.,
1091 2882 1229 2945 laudatur.

156 2985 245 3058 Vide,
263 3008 334 3067 qum
345 2985 461 3047 tradidit
474 2983 745 3066 Mortyni-Loguno
761 2983 828 3045 loco
844 3005 928 3061 supra
944 2982 1031 3044 citato
1048 2983 1083 3043 ad
1099 3004 1129 3042 n.
1146 2985 1207 3043 lll.

69 3096 71 3101 ’
195 3090 261 3149 Jam
269 3087 336 3150 satis
347 3086 432 3149 nobis
444 3086 597 3149 illustrasse
607 3085 735 3148 videmur
746 3085 841 3148 locum
853 3084 961 3168 Heynii
974 3086 1008 3145 de
1022 3085 1129 3145 Tibulli
1137 3084 1227 3146 Codd

156 3187 366 3268 etffldpdd,
376 3189 541 3250 scribentis:
558 3187 939 3268 uEsthaeceditcbpn'nceps,
953 3186 1139 3248 Brouhhusio
1148 3210 1228 3249 non-

157 3290 305 3364 dumvisa,
318 3290 369 3352 sed
375 3289 483 3368 Vulpio
489 3289 610 3372 primum
616 3288 739 3371 cognita.
748 3312 762 3343 a
771 3287 863 3369 Atqui
869 3287 991 3369 Vulpins
996 3287 1079 3348 fflam
1085 3309 1146 3349 non
1154 3289 1228 3350 hanc

156 3390 246 3465 vidit,
261 3391 310 3452 scd
322 3390 417 3464 illem,
436 3411 517 3472 quem
533 3412 610 3451 num.
629 3390 699 3461 ΙΙΙ,
718 3389 913 3451 recensuimus
930 3416 944 3442 u
959 3391 994 3448 ln
1013 3412 1044 3451 ea
1058 3390 1229 3467 Propertius

157 3494 280 3571 primum
297 3515 416 3556 excusus
435 3504 487 3553 est.
502 3521 515 3546 »ι
542 3493 667 3553 Tantum
683 3489 780 3564 abest,
802 3503 835 3551 ut
855 3490 911 3552 hoc
929 3489 1043 3572 probari
1061 3492 1178 3574 possit,
1198 3502 1231 3553 ut

156 3593 217 3657 veri
231 3594 319 3677 longe
334 3595 371 3655 sit
387 3594 521 3668 similius,
538 3593 694 3656 editionem
711 3591 787 3652 illam
803 3613 882 3652 nrum.
897 3593 966 3667 Ill,
986 3616 1048 3674 quae
1066 3594 1161 3676 primo
1178 3606 1232 3654 sta-

156 3697 209 3759 tim
225 3696 351 3760 iueuntis
368 3698 434 3760 nnni
452 3698 553 3781 ι47τι,
576 3707 708 3777 tempore
729 3693 858 3772 prodiit,
886 3696 1070 3758 antecessisse
1093 3695 1234 3758 Venetam

189 3937 198 3966 ¹
218 3933 384 4006 supplement
396 3933 442 3985 ila
454 3930 645 4006 Bibliographie
656 3931 818 4000 instructum,
833 3954 867 3986 ou
878 3934 1016 4009 Catalogue
1035 3936 1079 3990 des
1093 3934 1182 3988 Livres
1198 3937 1232 3989 du

157 4014 256 4071 cabinet
270 4020 300 4070 de
313 4021 356 4070 len
374 4019 411 4072 ΙΙΙ.
423 4017 500 4070 bouis
511 4018 577 4070 Jeau
593 4017 726 4087 Gniguat,
745 4018 843 4094 dispost
857 4032 880 4075 et
892 4021 940 4077 ruis
954 4041 985 4075 eu
1000 4021 1073 4075 ordrc
1090 4040 1136 4097 par
1147 4022 1231 4078 Guill.

156 4105 279 4174 Franeois
293 4109 326 4158 de
338 4104 418 4164 Bure.
431 4103 511 4158 Pan's
518 4142 527 4168 ,
544 4103 614 4182 1769.
628 4105 654 4158 ΙΙ
665 4117 726 4161 tom.
740 4105 826 4162 iu-to.
