2550 4972
307 699 564 767 unmurrro
591 703 833 767 nnrronrs.
1062 702 1110 784 xiii

55 861 177 936 semper
189 831 297 908 voluit
312 833 483 932 affingere3
500 837 650 937 duosque
662 833 848 931 Scaligeros
860 831 1019 941 protulit,
1039 832 1112 907 Ste-

58 950 194 1050 phanos,
213 951 364 1038 Dousas,
381 953 607 1040 Burmannus,
624 950 781 1028 Vossios,

512 1151 652 1207 DEBU-

99 1287 154 1360 va
170 1284 269 1359 mihi!
288 1313 336 1359 use
351 1282 506 1360 Tibullo!
526 1314 599 1387 quae
615 1285 728 1389 dixisti
743 1282 903 1361 nomina?

498 1477 666 1535 EDITOR.

100 1626 283 1705 Doctorum
298 1644 403 1717 ente,
419 1628 712 1730 mundumque
726 1628 882 1704 virorum.

509 1831 652 1886 usstlt.

100 1973 200 2049 Immo
215 1974 330 2076 potins
346 1973 582 2050 andacnlorurn
600 1993 634 2051 et
648 1993 890 2077 protervorum.

467 2184 691 2243 TIBULLUS.

102 2310 215 2386 Nolito
228 2311 356 2401 mnan,
376 2314 466 2415 quod
479 2342 550 2389 men
563 2313 659 2389 Delia
671 2312 738 2390 illis
750 2313 879 2388 infensa
891 2314 945 2388 sit.
970 2312 1116 2411 Scaliger

63 2428 138 2502 enim
155 2430 311 2517 carmina,
330 2431 486 2533 equibus
503 2450 661 2507 eternum
677 2432 741 2506 sibi
757 2459 878 2504 nomen
896 2430 967 2505 sore
984 2459 1118 2531 exspec-

62 2544 157 2634 tabat,
173 2545 209 2619 in
224 2547 368 2621 minutas
381 2547 558 2648 discerpsit
572 2565 700 2648 partes3
718 2546 852 2637 deinde,
870 2547 965 2649 qnasi
980 2549 1015 2623 in
1032 2577 1117 2623 urna

60 2660 282 2736 schedularum
303 2662 397 2738 fieret
413 2663 563 2751 sortitio,
582 2685 696 2738 omnes
717 2691 831 2738 versus
854 2663 900 2737 ita
924 2664 1056 2742 miscuit
1078 2694 1117 2740 ac

59 2777 215 2867 confudit,
229 2780 341 2879 utjam
353 2778 476 2855 nullam
487 2776 636 2879 Elegiam
649 2780 810 2878 integram
823 2780 961 2867 sineret,
979 2781 1116 2856 somniis

57 2895 196 2970 conlisus
204 2896 285 2971 suis.
300 2899 516 2972 Huncantem
525 2896 681 2972 facinoris
692 2897 782 2998 apud
792 2896 915 2972 inferos
926 2897 1117 2974 valdenunc

57 3014 207 3111 penitet,
224 3011 302 3088 licet
314 3010 393 3087 olim
405 3012 577 3111 magnifice
588 3012 759 3114 jactaverit
772 3041 843 3088 sese
856 3013 973 3111 uiginti
989 3015 1117 3093 dierum

57 3128 161 3228 spatio
178 3128 249 3202 lraec
266 3145 482 3231 perpetrasse.

519 3312 656 3369 uuus.

106 3444 228 3544 Maiori
239 3443 349 3520 adhuc
365 3444 485 3521 darum
498 3473 550 3519 me
562 3443 672 3520 affecit
685 3446 732 3519 ll.
747 3447 846 3520 Voss.
861 3474 952 3534 uam,
970 3446 1062 3547 quod
1076 3447 1118 3519 ad

59 3557 259 3657 scaligerum
275 3561 406 3650 attinet,
426 3559 551 3663 Vulpio
568 3559 764 3662 Heynioque
778 3587 893 3661 poenas
909 3558 972 3635 luit
990 3591 998 3635 ι
1015 3560 1120 3635 atille

58 3676 130 3776 (qui
147 3694 256 3751 tamen
270 3675 471 3766 Gernnnos,
488 3675 653 3775 eleganter
665 3674 798 3749 metrica
814 3674 982 3763 versione,
997 3677 1119 3752 amoris

58 3795 162 3868 nostri
180 3793 359 3896 participes
380 3795 472 3889 lecit)
495 3820 547 3869 me
571 3790 657 3868 lecto
673 3791 893 3879 descendere,
917 3809 957 3866 nt
976 3821 1048 3868 mos
1069 3813 1120 3870 est

58 3908 196 4010 puellis,
214 3939 285 3984 non
308 3910 455 4011 petitum
479 3910 628 4012 totisque
652 3906 776 4005 ingenii
799 3907 925 3982 viribus
949 3910 1120 3986 contendit

58 4026 229 4102 'lihnllum
242 4025 414 4127 scripsisse
425 4025 574 4128 derepere
593 4025 682 4127 quod
695 4050 795 4098 annm
805 4021 966 4101 infirmnm
980 4027 1119 4101 fortasse

58 4140 211 4232 decebat,
226 4140 360 4215 minime
374 4169 452 4215 vero
465 4139 631 4240 juniorem
644 4136 799 4242 puellam.

482 4331 701 4389 TIBULLUS·

110 4478 323 4562 Praemoneo,
336 4473 457 4565 editor,
477 4504 520 4550 ne
533 4473 610 4549 talia
622 4475 785 4551 admittas.
801 4474 1033 4551 Brouckhusio
1047 4502 1124 4576 per-
