2550 4972
104 305 166 366 xxiv
498 307 558 366 DE
589 308 786 369 TlBULLt

102 438 133 495 in
149 435 219 495 litio
230 433 374 504 Colotiif
361 455 391 492 sn
407 433 612 511 Florentino,
600 461 630 498 m
646 441 734 501 veteri
746 441 832 510 li,bro
848 441 890 497 sic
899 437 962 515 suis
958 461 995 498 se
1011 437 1115 519 affirm

102 544 258 606 testantasr,
279 546 308 595 et
327 530 447 595 similem
469 536 549 598 aliam
570 538 752 601 collationem
771 539 854 600 etiam
875 539 999 601 Heinsio
1023 544 1115 627 conti,

101 635 186 720 paulo
202 646 271 719 pust
285 633 460 707 ridebimus3
478 659 567 715 porro
584 637 688 700 librum
710 639 857 711 Marcelli,
879 639 1025 720 pontilicis
1047 665 1112 703 max

101 734 266 799 Patavinum
280 745 308 794 et
323 732 396 796 dnos
407 747 516 798 veteres
527 734 616 798 libros
629 760 707 800 suus
720 739 799 799 ldem
809 738 879 799 alios
887 761 961 819 ,qus
952 738 1115 804 codices«

100 838 241 910 tulerant,
256 835 446 898 consuluerat
459 838 531 897 Non
543 858 639 918 paucae
649 840 710 920 ejus
726 837 881 910 lectiones,
892 837 922 896 id
935 839 1015 919 quod
1028 862 1084 922 per
1094 865 1115 903 ss

103 931 260 1016 telligitur,
277 952 343 992 cum
358 931 502 993 Vaticanis
518 932 631 993 Heinsii
649 935 834 995 conveniunt

144 1059 159 1086 κ
172 1031 267 1092 Janns
275 1031 373 1092 Dureau
383 1043 463 1109 pater
474 1053 490 1090 a
500 1030 599 1109 Lipsio
611 1031 767 1094 lectionum
779 1033 809 1093 in
821 1031 969 1093 Tibullum
977 1037 1114 1098 varietate

103 1146 230 1216 ceperat,
244 1154 313 1217 quas
331 1133 396 1205 ille,
414 1133 482 1192 dum
498 1135 601 1194 Romae
613 1146 706 1209 esset,
721 1157 758 1194 ex
768 1137 891 1219 antiqno
904 1137 1114 1199 membranum

103 1235 228 1295 codicum
235 1231 300 1311 fide
316 1243 512 1313 excerpserat,
530 1254 546 1293 e
564 1231 666 1315 quibus
683 1233 855 1315 insigniores
871 1237 1043 1295 memoravit
1063 1237 1114 1299 inl

105 1330 230 1392 cidaneis
247 1331 278 1390 iu
295 1327 444 1390 Tibullum
462 1348 487 1387 c.
509 1325 566 1401 15,
585 1327 633 1392 ιθ.
651 1330 725 1389 Sunt
739 1329 815 1390 inter
831 1349 876 1388 eas
893 1331 1065 1404 nonnullae,
1080 1357 1114 1414 qs

104 1427 190 1489 nullis
211 1427 272 1489 aliis
298 1426 379 1488 libris
402 1425 600 1504 reperiuntur,
618 1439 650 1487 ut
671 1427 750 1489 facile
766 1428 858 1505 possit
882 1429 1009 1508 suspicio
1035 1431 1113 1491 subn

105 1524 179 1588 libro
201 1525 308 1588 nostris
332 1524 496 1606 antiquiore
517 1522 646 1602 Lipsium
664 1548 748 1585 usum
764 1545 841 1595 esse;
859 1546 957 1585 verum
981 1539 1114 1592 sunteas

106 1622 264 1704 ejusmodi,
278 1633 312 1681 ut
327 1641 344 1680 e
358 1619 413 1680 viri
424 1620 544 1700 alicujus
556 1619 634 1681 docti
649 1619 765 1704 ingenio
782 1620 920 1703 proiectae
934 1644 997 1682 esse
1008 1625 1106 1686 rideri

105 1726 173 1783 sint.
186 1726 259 1784 Nam
273 1721 352 1804 quod
364 1722 421 1782 boc
436 1721 534 1781 saltem
547 1718 613 1782 loco
625 1743 641 1781 a
651 1743 696 1782 me
708 1722 884 1783 mouendum
897 1734 957 1795 est,
975 1746 1088 1805 quum,
1106 1731 1114 1789 l

106 1846 199 1886 rarum
210 1822 389 1905 antiquarum
400 1819 497 1882 studio
512 1820 649 1892 reducto,
665 1822 700 1881 ad
712 1821 845 1899 poeticen
857 1825 1015 1885 Romanam
1028 1830 1113 1890 mults

107 1926 222 2009 ingenia
235 1923 342 1986 sarculo
357 1923 428 1984 XlV
442 1934 472 1982 et
482 1919 538 1980 XV
554 1941 584 1980 se
599 1931 816 1993 converterent,
829 1920 962 1983 Tibullus
977 1926 1113 2007 inprimis

106 2027 147 2101 is,
166 2049 249 2109 quem
266 2025 459 2138 exprimerent
476 2018 605 2082 certatim
624 2019 695 2079 itali.
715 2019 867 2080 Laudavi
858 2043 912 2102 jam
930 2043 1015 2104 supra
1032 2029 1114 2091 Herc

107 2237 252 2307 poetarum
273 2225 387 2288 delicias
403 2161 516 2285 adieril.
529 2221 618 2280 floc'
610 2164 905 2303 ingeniosissimorum
919 2221 1074 2286 bominum
1092 2243 1113 2288 st

106 2325 212 2385 iactum
232 2337 296 2400 est,
313 2336 345 2383 ut
362 2320 473 2383 Tibulli
497 2319 662 2399 exemplaria
686 2317 935 2380 circumferrentur
955 2324 1059 2399 passim
1086 2352 1101 2389 a

107 2422 201 2482 doctis
217 2423 384 2491 emendata,
400 2420 508 2482 lacunis
524 2417 607 2478 etiam
620 2415 776 2498 suppletis,
788 2417 915 2500 adeoque
931 2426 1075 2501 ejusmodi
1094 2450 1111 2488 e

108 2521 213 2600 plaria,
232 2544 315 2603 quae,
331 2542 401 2582 vero
425 2516 560 2587 nomine,
579 2516 748 2594 interpolata
765 2530 852 2577 erant.
871 2521 961 2581 Multa
982 2523 1075 2604 igitur
1092 2533 1113 2591 ρ’

108 2617 200 2679 nanda
211 2619 289 2681 fuere
300 2617 441 2696 inprimis
453 2614 561 2676 Mureti
575 2613 801 2687 recensiouibus3
816 2616 965 2699 dequibus
977 2622 1102 2705 singulis

107 2718 282 2782 monuimus.
294 2719 392 2802 Atque
405 2720 466 2779 baec
479 2737 569 2797 quum
584 2735 644 2775 non
661 2714 800 2798 fugissent
813 2716 873 2775 Jos.
882 2719 1079 2797 Scaligemm,
1095 2752 1111 2788 v

85 2894 91 2899 .
105 2818 206 2905 judicii
218 2831 248 2881 et
258 2817 368 2902 ingenii
377 2819 405 2880 vi
416 2813 697 2896 praestantissimum,
710 2838 798 2895 quum
808 2815 860 2876 sibi
871 2817 1014 2881 videretur
1026 2845 1088 2885 nou
1101 2850 1112 2909 p

108 2921 171 2980 luca
182 2916 212 2976 in
223 2915 332 2976 Tibulli
341 2915 450 2999 Elegiis
463 2913 691 2991 deprehendere,
703 2934 767 2995 quae
778 2913 858 2974 nullo
868 2937 966 2978 sensus
978 2919 1099 2983 vinculo

108 3040 138 3080 se
150 3017 475 3095 comprehenderentur,
487 3034 576 3094 quum
592 3011 622 3071 in
639 3033 674 3073 eo
692 3011 845 3074 subsistere
861 3014 993 3092 deberet,
1012 3033 1045 3079 ut
1060 3023 1111 3102 plu

108 3116 272 3202 Elegiarum
292 3114 432 3194 excerptis
454 3110 573 3195 primam
593 3124 623 3172 et
639 3112 792 3173 secundam
806 3112 871 3176 libri
887 3116 970 3192 primi
988 3131 1112 3181 constan

108 3232 202 3297 ceret,
213 3237 249 3278 eo
267 3217 398 3291 devenit,
412 3227 446 3276 ut
461 3234 559 3278 versus
571 3213 727 3275 nonnullos
737 3236 771 3276 ex
781 3216 875 3276 minus
886 3220 1040 3280 commodo
1052 3221 1085 3281 in
1102 3247 1112 3284 ι

106 3318 268 3382 modiorem
278 3361 287 3390 ,
299 3332 331 3379 ut
341 3319 367 3380 ei
379 3317 538 3387 ridebatur,
550 3315 645 3378 locum
656 3313 832 3386 transferres
844 3318 921 3397 quod
932 3316 1098 3380 institutum
1110 3349 1112 3355 ·

109 3417 139 3477 in
152 3416 324 3499 Propertio,
342 3417 428 3478 etiam
445 3415 476 3476 in
490 3413 632 3487 Manilio,
651 3424 680 3472 et
694 3412 724 3473 in
738 3413 873 3496 Sulpiciae
885 3415 990 3490 Satira,
1008 3420 1110 3480 Dousa

112 3516 177 3575 dem
194 3530 223 3578 et
236 3519 356 3582 Bartbio
372 3517 534 3599 probante,
553 3515 682 3579 servarit.
700 3518 740 3579 Et
756 3517 848 3577 nostri
867 3517 981 3599 quidem
997 3531 1095 3596 poetae

109 3616 184 3697 giam
197 3618 335 3696 primam,
354 3634 388 3683 nt
403 3620 552 3701 plerasque
568 3616 633 3678 libri
652 3614 772 3698 prioris,
788 3615 871 3693 plane
888 3617 1055 3694 discerpsit,
1073 3633 1104 3680 ct

110 3735 193 3795 quam
206 3718 324 3805 Absyrti
342 3723 460 3806 alicujus
474 3721 564 3781 lacera
579 3716 723 3795 membra,
735 3728 826 3800 partes
842 3718 903 3799 ejus
917 3717 1059 3796 dispersit.
1076 3723 1112 3781 Ει

109 3830 196 3886 V⁸f⁰s
209 3830 241 3878 ut
250 3822 417 3899 concedam,
430 3821 543 3903 aliquot
552 3819 664 3906 paginas
672 3864 681 3897 ,
689 3816 798 3902 aliquot
808 3839 924 3890 versus,
936 3818 1015 3898 quod
1025 3818 1111 3881 interr

108 3927 135 3964 r.
153 3927 178 3966 c·
203 3910 234 3974 in
251 3917 399 3997 Luciano,
417 3918 522 3980 lactum
540 3917 679 3991 vidimus,
694 3917 882 3998 transpositos
903 3936 984 3991 esse,
1004 3927 1101 3978 tamen

105 4000 274 4077 incredibile
289 4034 349 4102 est,
363 4022 394 4083 in
409 4018 512 4081 eodem
529 4016 651 4084 oermiue
663 4018 702 4082 ita
718 4019 823 4082 laxatos
836 4037 898 4082 esse
910 4038 1030 4093 versus,
1046 4030 1079 4077 ut
1096 4042 1111 4079 n
