2580 5002
109 713 166 777 lxiv
498 712 559 775 DE
580 711 777 775 TIBULLI

108 843 251 906 Beroaldi·
262 843 465 904 Annototiones
476 845 505 903 in
517 844 693 924 Propertium
704 864 714 901 .·
725 854 786 901 tum
798 860 849 919 per
863 838 1025 900 Domitium
1040 837 1174 901 Calderi-

109 963 178 999 num
191 963 197 998 :
211 952 272 999 tum
286 960 336 1017 per
348 942 488 1000 ioannem
506 941 621 1001 Cottam
636 940 842 1000 veronensem.
859 940 930 998 Huc
947 936 1043 998 omnia
1059 948 1132 999 sunt
1144 956 1174 998 ex

107 1036 308 1114 exemplaribus
324 1036 474 1097 emendatis
490 1036 601 1097 domini
615 1035 784 1119 Hieronymi
800 1034 928 1096 Avancii.

149 1134 281 1196 Praefatio
298 1135 461 1195 inscribitur
480 1160 486 1194 :
509 1135 742 1195 Emendub'onum
759 1133 927 1212 Hieronymi
944 1131 1071 1195 Auuncir‘
1086 1131 1173 1191 Vero-

107 1235 204 1293 nensis
220 1237 249 1294 r'u
267 1237 446 1309 Lucretium,
463 1238 493 1296 iu
509 1235 675 1298 Catullum:
694 1236 723 1293 in
740 1233 879 1310 Priapeias
894 1253 901 1290 :
919 1234 949 1291 in
965 1229 1050 1291 Statii
1065 1229 1172 1315 Sylras·

109 1332 207 1394 Editio
224 1335 354 1395 secunda.
371 1338 482 1413 Nempe
498 1335 585 1413 prima
600 1334 698 1394 barum
710 1333 959 1406 emendationum,
975 1345 1053 1392 certe
1070 1329 1102 1389 in
1117 1330 1171 1391 Ct-

108 1430 210 1491 tullum
230 1433 318 1494 editio
337 1434 479 1513 prodierat
498 1435 592 1495 Patavi
613 1456 678 1495 ann.
707 1432 810 1519 1494,
836 1444 930 1493 curata
951 1430 985 1497 ab
1006 1428 1172 1513 Augustino

110 1534 228 1593 bloravo
240 1535 447 1606 olomucensi,
464 1534 514 1616 qni
528 1534 558 1592 in
572 1533 712 1611 prooemio
724 1533 758 1594 de
764 1533 799 1594 iis
806 1532 846 1594 ita
855 1531 972 1593 scribit:
986 1532 1061 1592 Haec
1072 1528 1172 1607 scripta

108 1634 244 1695 Leonicus
258 1637 431 1709 Patruinus,
444 1636 567 1695 Jacotus
579 1656 673 1696 comes
683 1637 822 1696 Juliorius
838 1634 1025 1705 Veronensis,
1041 1631 1173 1693 Aurelrin

111 1734 318 1810 Ariminensis,
339 1734 500 1796 Calsnrnius
517 1733 689 1807 Brixiensis,
706 1736 786 1793 nullo
801 1756 855 1794 nou
873 1734 955 1791 laude
972 1730 1111 1810 majores,
1129 1749 1171 1789 se·

109 1831 174 1890 circlo
195 1835 369 1913 perlegerunt
389 1856 424 1892 uc
448 1835 516 1892 mire
533 1835 769 1894 commendarunt.
790 1834 817 1893 E
835 1830 979 1893 contrario
997 1828 1129 1912 Scaliger
1142 1824 1175 1885 ad

110 1930 214 1992 Catull.
230 1933 310 2005 llll,
333 1930 616 2004 1,Marrucinitatem
631 1935 755 1994 brantio
766 1930 930 2011 exprobrat,
949 1930 997 2012 qui
1015 1950 1071 2007 pro
1088 1927 1174 1987 Mur-

110 2028 205 2085 neciue
223 2028 311 2088 Asini
323 2029 451 2091 intulerit
465 2030 541 2091 luter
555 2054 662 2093 coenum
681 2032 775 2093 Asini.
788 2032 828 2089 Et
843 2026 1037 2090 Santoniusin
1054 2024 1174 2088 Collec-

109 2127 197 2185 tanris
215 2151 221 2187 :
242 2129 378 2190 drantius
395 2131 424 2190 in
440 2133 490 2192 ltac
506 2133 631 2193 editione
647 2145 753 2193 textum
765 2130 966 2192 Beroaldinum
978 2129 1027 2189 hic
1038 2127 1100 2189 illic
1117 2128 1174 2186 im-

109 2227 226 2285 mutuit
239 2250 298 2288 non
310 2250 419 2319 semper
437 2252 500 2291 curn
520 2232 598 2292 bono
614 2231 729 2312 judicio.
746 2230 833 2289 Unde
848 2228 877 2288 in
894 2230 953 2310 ejus
969 2224 1099 2287 editione
1114 2226 1174 2287 Be·

109 2321 225 2383 roaldus
243 2346 318 2401 serpe
343 2326 425 2386 verbo
442 2328 581 2404 explicat,
607 2350 671 2408 quae
694 2326 724 2384 in
745 2337 823 2385 textu
847 2323 948 2384 frustra
964 2345 1086 2405 quaeras.
1104 2320 1174 2381 Vide

110 2424 227 2484 (loliatt.
244 2427 278 2485 ad
296 2428 376 2509 Elrg.
394 2428 519 2487 ultimam
531 2428 683 2504 Propertii.

149 2524 195 2582 Do
206 2524 322 2587 Tibullo
333 2527 477 2609 lleynius:
491 2554 505 2578 o
518 2525 612 2585 Etiam
625 2528 685 2586 baec
700 2526 787 2587 editio
805 2547 838 2585 ex
853 2522 1047 2603 superioribus
1059 2522 1177 2584 Venetis

111 2622 227 2699 repetita
240 2638 300 2697 est,
318 2626 456 2702 exemplar
470 2637 561 2685 tamen
573 2624 606 2684 ab
617 2624 740 2686 brantio
757 2625 864 2685 mendis
878 2623 1093 2708 typographicis
1108 2644 1183 2701 pur-.

111 2732 205 2800 gattam
227 2745 286 2784 esse
307 2724 426 2794 debuit,
445 2734 511 2781 ante
533 2746 615 2802 quam
633 2723 726 2800 operis
748 2722 959 2805 typographicis
980 2721 1179 2783 excudendum

112 2821 304 2881 traderetur.»
323 2822 405 2881 Idem
422 2832 513 2879 tamen
535 2820 570 2879 ad
587 2823 686 2881 Venet.
702 2843 746 2879 an.
767 2820 859 2894 1520,
880 2822 992 2903 insigne
1012 2832 1134 2881 mntatae
1152 2820 1180 2879 in

114 2933 230 3003 utraque
245 2922 371 2981 editione
386 2918 516 2979 lectionis
534 2920 689 2999 exemplum
706 2920 814 2998 profert
830 2944 861 2982 cx
878 2924 909 2994 I,
929 2938 980 2995 tv,
998 2919 1048 2994 34.
1066 2924 1104 2982 In
1119 2924 1181 2983 Ve-
1217 2962 1219 2969 ·

116 3029 179 3076 rretn
200 3015 300 3100 1487,
325 3028 354 3076 ct
370 3015 549 3096 sequentibus
565 3039 631 3096 ann.
658 3016 816 3103 1491-93,
838 3031 895 3080 erat
914 3019 1006 3079 adbuc
1030 3024 1045 3099 (
1062 3019 1139 3080 sicut
1154 3019 1182 3079 in

115 3117 281 3176 Romanu.
302 3115 419 3195 1475),
440 3118 532 3175 turdirs
550 3118 618 3178 dies.
635 3117 676 3177 At
691 3118 721 3177 in
736 3119 800 3178 cdd.
820 3119 895 3180 1500
912 3131 941 3177 et
962 3116 1065 3195 1520,
1084 3120 1182 3179 stadios

115 3213 240 3296 legitur,
257 3212 330 3273 sicut
345 3213 375 3272 in
390 3215 591 3277 commentario
607 3216 739 3301 Cyllenii.
751 3219 850 3279 Recte.

157 3324 305 3382 Hactenus
322 3322 356 3381 de
369 3323 502 3384 Avantio.
515 3325 628 3386 Cottam
639 3327 717 3407 qnod
732 3329 834 3387 attinet
848 3339 878 3387 ct
888 3327 1067 3401 Domitium,
1082 3348 1181 3390 eornm

118 3421 328 3482 nnnohfiones
339 3422 528 3504 quaerentibus
545 3447 575 3485 se
591 3447 651 3486 non
667 3426 779 3485 sistunt.
794 3428 950 3487 Notaverat
960 3426 1181 3503 Broubhusius,

118 3529 254 3579 monente
271 3519 426 3592 Santeuio,
444 3522 503 3581 baec
520 3545 527 3581 :
545 3551 559 3575 α
573 3526 660 3586 Cotta
673 3523 757 3600 periit
771 3546 815 3585 an.
835 3523 923 3599 1511,
939 3538 987 3585 aut
1005 3525 1107 3603 1512,
1125 3530 1183 3609 ipse

118 3618 208 3678 <etatis
227 3616 272 3677 28.
295 3620 573 3682 Commentationum
594 3623 623 3682 in
641 3623 823 3699 Propertium
842 3644 926 3684 nemo
950 3625 1108 3702 meminit,
1125 3648 1185 3690 non

120 3717 278 3801 Gyraldus,
297 3742 356 3781 non
372 3719 496 3796 Jovius,
513 3744 573 3785 non
589 3722 755 3794 Panvinus,
771 3744 831 3783 non
841 3723 1019 3799 Valerianus,
1038 3748 1104 3789 non
1113 3728 1184 3789 Fra-

119 3821 265 3881 caslorius·
279 3848 294 3875 u

161 3929 309 3989 Editiones
325 3951 370 3989 an.
393 3928 470 3990 1500
489 3943 518 3991 ct
541 3931 641 4004 1520,
661 3950 760 4007 purum
777 3928 953 4006 discrepant,
974 3951 1028 3993 nec
1051 3957 1130 4015 opus
1148 3950 1190 4000 est

120 4041 288 4112 postremam
303 4033 374 4093 banc
391 4053 519 4092 seorsum
536 4049 693 4091 recensere.
710 4027 762 4086 llla
777 4029 807 4087 in
817 4030 871 4088 fine
884 4028 966 4089 habet
983 4054 990 4089 ε
1012 4035 1190 4118 impressum

124 4133 245 4192 Veneriis
259 4154 308 4211 per
320 4137 463 4194 Joanncm
480 4133 514 4192 de
527 4131 651 4192 Tridino
671 4128 706 4187 de
719 4127 824 4189 Coreto
839 4130 903 4190 alias
917 4132 1098 4210 Taurinum,
1119 4142 1191 4200 Ml).

122 4229 165 4289 dir
178 4254 247 4294 vero
258 4250 314 4292 xlx
326 4231 401 4293 maii.
410 4233 559 4311 Regnante
573 4229 682 4310 inclyto
695 4226 822 4309 principe
836 4229 1001 4310 Augustino
1009 4234 1190 4309 Barbadic03

122 4327 181 4389 bre
195 4354 201 4387 ε
218 4332 377 4392 Venetirlsin
389 4330 496 4389 aedibus
509 4326 656 4390 Gnilielmi
669 4327 703 4388 de
719 4330 878 4390 Fontaneto
888 4331 1100 4397 lllontisicrrati
1114 4361 1193 4401 anno

120 4424 238 4491 Domini
249 4432 369 4494 rtnxx
383 4427 428 4489 die
440 4430 512 4488 qu
516 4426 574 4490 ulii.
586 4426 702 4512 lnolyto
712 4427 862 4490 Leonardo
871 4429 1030 4497 Lauretano
1041 4437 1193 4520 Principe
