2550 4972
177 668 499 771 Etnqtnttttnt
520 670 620 738 LIB.
650 671 680 737 1.
708 672 926 745 ELEG.11.
1042 698 1086 764 29

238 748 275 795 ,nr
291 790 296 797 .
318 744 426 797 retra*

10 815 62 886 Et
80 831 114 887 te
135 762 328 885 dunstic‘e'lt
345 812 465 886 teneris
481 811 621 884 retinere
639 808 789 898 lacertis,
815 822 837 886 >l
1056 833 1088 903 75

68 927 187 1003 Mollis
204 928 240 1000 in
257 926 381 1001 inculta
398 928 441 1001 sit
457 926 539 999 mihi
554 953 690 1000 somnus
705 925 820 999 humo.

21 1046 116 1142 Quid
133 1045 237 1146 Tyrio
255 1045 410 1118 recubare
429 1061 503 1118 toro
522 1044 592 1117 sine
609 1071 719 1117 amore
737 1042 882 1117 secondo

71 1162 233 1249 Prodest,
253 1189 353 1263 quum
370 1160 450 1234 lletu
467 1188 532 1234 nox
546 1159 710 1255 vigilanda
729 1160 844 1234 venit?

26 1276 107 1350 Nam
126 1305 236 1377 neque
252 1293 322 1349 turn
340 1273 477 1376 plumae,
495 1303 557 1349 nec
574 1274 717 1370 stragula
735 1275 822 1374 picta
839 1302 1009 1375 soporem,

71 1397 140 1469 Nec
159 1392 291 1468 sonitus
307 1390 443 1495 placidae
460 1392 578 1465 ducere
597 1391 703 1491 possit
720 1417 822 1490 aquae.
1055 1414 1089 1466 tto

32 1509 112 1586 Num
128 1512 267 1586 Veneris
283 1538 408 1607 magnae
425 1507 544 1582 violavi
560 1508 695 1583 nomina
711 1507 832 1594 verbo,

71 1633 117 1704 Et
132 1659 205 1705 mea
220 1656 309 1703 nnnc
326 1655 441 1730 poenas
456 1624 556 1726 impia
574 1624 686 1719 lingua
704 1621 792 1696 tuit?

32 1797 79 1853 tt,
96 1806 166 1840 vers.
182 1807 195 1855 7
211 1805 247 1839 s«
262 1781 323 1838 Sola
337 1783 404 1848 eris,
423 1792 450 1835 et
467 1782 534 1834 solos
581 1780 684 1849 reperio
698 1799 705 1831 ε
718 1780 837 1833 assumsit
846 1799 904 1833 eam
919 1780 1091 1837 Pulmannus.

32 1864 150 1931 spectabis
163 1861 262 1934 Cyntia
273 1872 384 1915 montes.
396 1882 410 1907 ν
582 1860 620 1912 Η.
628 1887 660 1898 -
670 1860 730 1912 Hoc
739 1858 966 1928 peperitconsusio
974 1861 1092 1915 adverbii

57 1949 96 2011 75.
116 1944 156 1995 Ee
166 1950 193 1995 te
208 1945 267 1994 duur
281 1950 331 1994 etc.
345 1941 381 1993 H.
396 1940 471 1991 Voss
483 1956 535 1990 no-
581 1956 655 2004 quum
668 1948 694 1990 ct
707 1957 763 1990 curn
775 1939 962 2007 propositionis
974 1979 982 2004 ,
995 1959 1053 2008 quae
1064 1948 1092 1993 et

32 2037 84 2073 tarn
94 2019 140 2074 bic
156 2018 248 2073 statuit
262 2017 420 2071 sententiam
439 2015 534 2085 incipi,
581 2013 659 2066 hodie
674 2014 765 2068 iisdem
777 2016 869 2070 litteris
882 2017 979 2070 exarari
989 2017 1090 2085 solent,

32 2117 136 2168 eamque
160 2117 192 2150 ex
212 2095 301 2149 animo
322 2094 469 2164 precantis:
484 2113 534 2161 qua
585 2112 642 2145 non
653 2094 709 2147 sine
724 2094 816 2147 crebra
831 2093 976 2164 legentium
987 2095 1092 2150 hesita-

32 2190 134 2248 propter
142 2177 170 2230 in
180 2186 280 2229 textum
291 2174 393 2228 intulit:
405 2175 429 2226 0
439 2185 465 2225 te
476 2176 535 2225 dum
583 2171 663 2224 tione.
676 2172 823 2225 Bnoucxtt.

32 2260 117 2309 terreris
139 2258 226 2307 lecerat.
250 2253 366 2306 Favente
390 2249 534 2304 Frcnselio.
619 2269 657 2322 79.
666 2252 780 2318 Soporem
792 2253 880 2304 ducere
891 2261 940 2304 etc.
951 2251 1091 2305 Adducerc

34 2330 154 2398 librarii,
173 2332 209 2384 ait
227 2330 333 2383 illustris
355 2329 398 2383 itte
421 2329 481 2395 vir,
501 2330 534 2383 ob
582 2349 720 2397 somnum,
734 2330 879 2384 conciliare.
891 2333 958 2385 Hor.
970 2332 1012 2386 lib.
1026 2333 1093 2402 Epo-

34 2422 183 2481 eorruptum
203 2414 232 2462 se'
247 2408 381 2478 superiore
405 2407 533 2474 disticho,
584 2410 637 2462 don
663 2427 721 2475 mv,
737 2430 772 2463 vs.
790 2411 827 2462 3:
843 2432 856 2456 ·‹
872 2410 970 2463 Pocula
985 2409 1092 2466 letbceoe

36 2488 246 2541 exclamationem
262 2486 286 2537 0
301 2486 328 2539 in
341 2495 367 2538 e!
377 2486 536 2540 immutave-
584 2498 613 2540 ut
622 2487 643 2541 si
652 2486 896 2553 ducentiasomnos,
906 2487 1005 2541 Arente
1016 2489 1092 2543 fauce

37 2576 106 2632 runt,
126 2567 259 2635 juncturae
274 2564 376 2617 mederi
387 2564 536 2632 cupientes,
586 2565 717 2616 traxerim.
732 2586 745 2610 »
757 2565 836 2617 Hanc
852 2564 1012 2618 locutionem
1028 2566 1093 2620 illu-

39 2644 74 2697 sed
88 2657 114 2700 e!
122 2642 254 2714 superiori
268 2643 439 2712 sequentique
453 2642 537 2696 versui

40 2717 201 2792 insessaque
211 2721 242 2775 ab
250 2720 409 2791 elegantiore
415 2739 536 2773 sermone

43 2795 164 2867 dieram,
187 2798 231 2852 bic
253 2817 357 2868 quoque
380 2797 537 2867 interpolari.

44 2873 182 2932 llusebkins
189 2877 313 2932 Vossium
322 2876 432 2944 refellit,
443 2878 537 2947 quippe

46 2955 80 3018 qui
88 2955 305 3011 emendationem
317 2955 438 3010 inutilem
450 2956 538 3010 attule-

47 3032 78 3086 rit
87 3036 177 3106 Neque
190 3037 219 3091 in
230 3035 353 3090 omnibus
361 3036 433 3089 libris
445 3034 539 3104 legitur

48 3121 154 3173 ‘beersn
171 3115 202 3184 76
212 3115 257 3183 qui
269 3114 436 3183 subsequitur
446 3113 474 3165 in
486 3114 540 3182 qui·

49 3182 140 3245 tostam
148 3190 265 3247 occurrit
272 3191 348 3247 lectio
357 3233 364 3258 ,
373 3197 400 3244 r'a
411 3195 480 3244 nuda
487 3208 496 3254 ;
511 3191 539 3244 in

52 3265 158 3327 Statianis
171 3293 251 3340 vero,
264 3274 293 3327 in
305 3272 435 3326 Vaticano
445 3290 541 3325 secun-

51 3340 138 3405 lustin
147 3349 203 3406 aliis
211 3350 308 3406 adsunt
315 3351 394 3405 verba
401 3354 541 3418 r'rrofcrelta.

53 3421 86 3481 Sic
94 3450 197 3501 qnoque
212 3428 325 3485 Ovidius
337 3429 364 3484 in
378 3429 443 3484 Arte
455 3448 541 3482 aman·

584 2643 675 2696 stravit
686 2642 851 2707 Gronovius,
869 2643 980 2698 Observ.
992 2645 1035 2699 lib.
1048 2647 1090 2715 11,

586 2739 641 2789 cap.
658 2740 678 2772 r.
693 2721 765 2774 Vide
778 2721 858 2774 etiam
869 2723 989 2777 Marcelli
1001 2723 1092 2779 Dona·
1107 2715 1111 2722 ⁵

585 2798 605 2850 ti
616 2797 823 2852 Dilucidationes
835 2800 961 2855 Livianas.

618 2881 732 2933 81.Num
750 2882 853 2933 Veneres
865 2901 961 2948 magne
972 2893 1020 2935 etc
1031 2882 1093 2936 ttoc

586 2957 739 3012 distichona
753 2959 884 3029 Scaligero
896 2972 922 3014 et
935 2980 949 3013 a
961 2961 1093 3016 Brouclrb.

586 3037 614 3088 in
628 3038 747 3105 quintam
767 3038 886 3108 Elegiam
907 3058 968 3093 cum
987 3040 1093 3109 reliquis

587 3117 756 3184 sequentibus
772 3116 916 3187 relegatum
935 3118 966 3170 ab
985 3118 1094 3190 Heynio

587 3212 650 3245 vero
670 3194 702 3247 ab
717 3195 931 3249 antecedentibus
947 3196 1095 3266 sejungitur

589 3290 637 3340 ope
645 3273 837 3340 asteriscorum,
846 3274 917 3342 quasi
926 3275 1016 3327 lacuna
1025 3294 1095 3344 qute-

588 3349 649 3401 dam
660 3349 840 3405 intercidisset.
848 3352 919 3405 Nihil
936 3363 1024 3406 tamen
1035 3373 1095 3406 me-

588 3427 637 3483 lius
649 3429 782 3497 procedit,
799 3449 878 3498 quarn
900 3433 978 3484 totius
998 3431 1095 3500 Elegiae

53 3502 83 3570 dl,
99 3509 139 3564 lib.
153 3510 200 3576 ll,
221 3528 287 3563 vers.
308 3511 364 3575 524.
376 3529 389 3555 a
407 3507 501 3561 Perfer
512 3507 540 3560 in
587 3527 685 3562 sensus.
707 3509 806 3574 Poeta,
821 3509 864 3578 qni
881 3509 962 3561 modo
978 3509 1096 3562 ferreum

53 3576 173 3643 itttruanda
193 3606 291 3659 ponere
309 3605 403 3655 corpus
421 3585 511 3641 humo.
527 3608 540 3635 s
589 3585 1095 3656 illumvirumstultitiaeincnsabat,quod

55 3654 141 3720 Crebro
150 3664 222 3735 apud
239 3674 340 3718 veteres
352 3663 462 3718 iteratur
474 3681 542 3732 pror-
589 3663 681 3733 puellas
697 3664 795 3717 bellum
816 3666 1022 3734 anteposuisset,
1039 3686 1095 3719 sese

54 3743 137 3801 totto.
589 3763 660 3797 nunc
669 3755 698 3796 ut
710 3742 793 3796 lidum
807 3755 952 3797 amatorem
964 3744 1095 3813 ostendit,

77 3841 110 3890 ῃ.
124 3825 197 3891 Quid
207 3823 282 3893 Tyrrb
291 3831 340 3876 etc.
353 3821 442 3876 Editio
448 3832 544 3876 veneta
591 3834 617 3878 et
628 3825 715 3878 subito
728 3824 819 3876 clausa
831 3822 877 3876 sibi
890 3833 971 3892 portae
982 3842 1095 3894 memor,

54 3898 543 3972 tttni1475,quamBrouckbusprinci-
592 3903 735 3956 exclamat:
751 3925 764 3948 κ
779 3903 851 3955 Nnrn
864 3901 975 3957 Veneris
994 3922 1097 3974 magna

52 3993 100 4044 tem
109 3993 200 4052 vocat,
213 4002 274 4037 cum
284 3982 416 4038 nonnullis
427 3983 498 4038 libris
509 3983 544 4036 ita
591 3980 683 4035 violavi
695 3981 805 4034 numina
817 3979 916 4033 verbo?
930 4004 943 4028 o
954 3982 1013 4036 Hoc
1025 3983 1097 4036 idern

52 4053 181 4133 distinguit.
199 4083 215 4109 α
237 4060 311 4131 Quid
332 4063 401 4134 tyrio
419 4062 544 4115 recubare
592 4073 630 4115 est
641 4080 670 4115 ac
683 4060 703 4113 si
719 4058 837 4113 dixisset:
851 4058 915 4112 nibil
932 4071 1024 4114 contra
1041 4062 1097 4115 dece

52 4144 98 4195 bro
109 4142 166 4196 sine
181 4159 272 4195 amore
288 4139 404 4194 secundo
419 4137 544 4209 prodest?
593 4140 756 4194 voluntatem
765 4138 824 4204 leci,
833 4156 920 4207 neque
927 4139 1039 4207 puellam
1049 4138 1097 4191 de·

50 4232 99 4272 tom
122 4219 188 4274 fletu
207 4236 262 4273 nox
285 4217 415 4288 vigilanda
432 4217 512 4271 venit
530 4237 544 4264 ν
592 4217 804 4288 reliqui3itaque
815 4217 898 4269 verbis
911 4226 1098 4281 tantum,non

49 4294 548 4368 Qustneerpunetioanertamexstetin
593 4297 684 4362 sactis,
704 4297 839 4349 Venerem
857 4295 951 4348 laedere
971 4294 1051 4364 potui.
1066 4322 1099 4336 -

47 4376 154 4432 editione
165 4377 285 4450 principe
295 4416 304 4441 ,
313 4379 388 4448 signo
398 4377 547 4446 interroga·
594 4375 754 4428 Passeratius
768 4373 796 4427 in
815 4383 903 4426 vetere
921 4371 987 4425 libro
999 4371 1099 4424 invenit

45 4454 118 4511 tionis
128 4475 189 4511 raro
200 4456 345 4524 instructa,
362 4465 484 4511 notatum
492 4472 547 4511 non
594 4473 685 4524 mam
694 4492 701 4520 ,
711 4453 758 4508 sed
765 4451 926 4535 Brouclrbus.
937 4451 1100 4506 demonstrat
