2580 5002
294 354 298 363 e

243 638 529 707 'commeans
554 643 614 706 nn
639 641 968 707 nunnronrnns.
1021 611 1025 620 ’
1113 641 1161 706 nv

262 810 338 883 XV.
362 807 470 883 Edita
487 807 672 911 Lipsiensis,
693 839 745 884 an.
771 809 879 898 1500,
897 808 999 898 in-ld,

140 973 233 1035 Annii
247 975 380 1038 Tannum
396 977 672 1061 Elegiographorum
688 977 810 1056 optimi,
826 975 914 1061 elegia
930 976 966 1038 de
980 974 1121 1038 amoribus
1133 988 1162 1037 et

180 1073 308 1138 laudibus
324 1077 471 1140 blessallae.
485 1078 590 1160 Lipsioe
605 1099 656 1157 per
669 1077 809 1140 Jacobum
824 1078 971 1138 Thanner.

138 1205 186 1267 De
202 1205 254 1268 hac
270 1208 396 1273 editione
413 1211 454 1272 sic
470 1212 529 1296 agit
542 1210 719 1274 Husebkius.

137 1305 239 1368 Exstat
252 1306 284 1368 in
297 1306 467 1371 bibliotheca
478 1310 649 1388 Dresdensi,
667 1311 717 1373 sed
732 1311 793 1371 sine
808 1310 875 1371 anni
886 1320 915 1371 et
925 1307 1094 1396 typographi
1107 1305 1164 1369 ulla

93 1405 263 1482 mentione,
280 1430 363 1491 qnam
377 1409 562 1473 exhlaittario
575 1409 792 1490 (11999556)
803 1409 941 1490 supplevi.
958 1411 1044 1471 Nunc
1057 1410 1163 1470 Panaer

94 1528 214 1591 qnoque
226 1521 386 1585 memorat,
403 1521 474 1573 tom.
491 1511 523 1586 I,
540 1533 603 1594 pag.
617 1509 693 1596 497,
707 1534 737 1571 ιι.
752 1510 819 1595 249.
835 1512 1005 1572 Litterarum
1022 1511 1081 1594 typi
1096 1521 1165 1571 sunt
1190 1515 1192 1518 ’

94 1609 276 1692 neogotbici.
290 1611 421 1674 Curatam
431 1633 492 1674 esse
506 1612 663 1674 editionem
674 1635 690 1673 a
701 1613 847 1698 Gregorio
861 1612 1017 1674 Conieensi
1028 1655 1037 1687 ,
1049 1633 1083 1673 ex
1094 1611 1164 1672 Lei-

94 1704 155 1765 cbii
165 1706 268 1768 Annal-
278 1710 476 1794 typogr.Lips.
484 1734 512 1788 p.
524 1707 562 1796 pb
570 1700 665 1772 didici.
675 1711 861 1772 Referendam
871 1733 929 1772 eam
938 1731 999 1771 esse
1005 1710 1040 1771 ad
1048 1708 1164 1770 classem

92 1805 211 1869 alteram
230 1829 263 1870 ex
278 1810 385 1871 Veneta
407 1811 484 1893 1475
501 1812 672 1888 deductam,
692 1815 748 1897 jam
771 1836 853 1893 supra
873 1812 1036 1897 significavi.
1059 1814 1165 1875 Hem.

95 1907 265 1968 Lectionem
276 1910 362 1993 hujus
372 1911 510 1994 exempli,
524 1925 666 1973 enotatam
680 1911 714 1973 ab
725 1913 858 1998 lleynio,
876 1912 1026 1997 diligenter
1041 1933 1071 1972 se
1082 1933 1164 1973 com-

93 2006 285 2084 parasse'eum
297 2007 422 2071 editione
439 2009 507 2085 illa,
524 2033 608 2095 quam
624 2011 729 2091 Lipsiae
743 2034 759 2072 a
776 2011 906 2073 Conrado
920 2012 1094 2072 Kochelooeu
1110 2031 1163 2068 ex-

94 2125 220 2186 pressam
235 2127 296 2167 esse
311 2120 405 2170 narrat
421 2110 577 2186 Panrerus,
591 2124 662 2172 tom
675 2115 708 2186 I,
725 2136 753 2190 p.
769 2112 849 2197 499,
867 2135 896 2172 ιι.
913 2109 989 2195 274,
1003 2109 1042 2170 ait
1050 2109 1163 2168 Censor
1215 2106 1217 2110 '

94 2201 181 2284 bnjus
197 2203 291 2281 operis
306 2204 337 2260 in
352 2204 473 2279 Ephem.
489 2208 582 2265 Goth.
598 2230 643 2265 an.
663 2208 761 2291 1793,
779 2207 818 2285 91.
836 2206 893 2279 52,
910 2231 937 2284 p.
956 2205 1015 2278 462
1032 2207 1162 2287 idemque

93 2295 260 2375 confirmat,
288 2297 434 2358 variantes
451 2298 598 2382 utriusque
616 2303 750 2363 editionis
770 2303 853 2380 plane
869 2315 898 2361 et
920 2301 1025 2383 ubique
1042 2301 1117 2361 inter
1133 2323 1163 2361 se

93 2393 259 2456 convenire.
276 2393 384 2455 Habuit
398 2394 446 2456 ille
462 2395 492 2455 in
509 2396 637 2457 manibus
657 2398 732 2458 idem
750 2398 907 2480 exemplar,
926 2396 1004 2478 quod
1023 2397 1163 2459 Panrerus

93 2495 210 2570 babuit,
227 2517 244 2556 e
260 2494 432 2558 bibliotheca
451 2497 661 2559 Neostadiensi.
683 2499 801 2580 Negat,
824 2518 929 2557 nomen
950 2495 1077 2556 Conradi
1095 2493 1163 2554 Ko-

94 2598 224 2656 cbelooen
240 2594 315 2656 libro
331 2595 498 2673 impressum
513 2617 596 2670 esse,
612 2617 666 2656 nec
683 2596 791 2656 dubitat
805 2595 1014 2675 pronuntiare,
1035 2598 1163 2656 Neosta-

95 2694 357 2774 dienseexemplum
369 2717 429 2756 esse
436 2696 677 2759 Thannerianum.
690 2699 777 2758 Nune
787 2698 888 2771 video,
905 2698 1059 2757 Panaenum
1070 2695 1163 2774 ipsum

94 2795 128 2856 in
142 2795 209 2856 lnd.
219 2795 359 2880 bibliogr.
372 2810 442 2858 tom.
455 2797 494 2870 V,
509 2821 536 2876 p.
547 2796 608 2873 428
622 2795 706 2861 verba
718 2825 733 2849 «ι
744 2797 867 2877 Lipsioe,
887 2798 972 2857 ebur.
984 2796 1134 2856 Kamous.
1144 2823 1159 2849 n

91 2892 226 2953 uncinata
241 2893 398 2955 exhibuisse
414 2906 444 2955 et
458 2892 662 2976 adscripsisse,
680 2896 747 2955 Sine
763 2896 824 2954 loco
839 2904 867 2953 et
881 2914 965 2954 anno.
988 2895 1067 2977 Ergo
1083 2896 1160 2970 ipse,

95 2990 176 3072 qnod
188 3014 269 3070 supra
276 3005 428 3076 posuerat,
441 2992 582 3053 incertum
596 2993 719 3053 reddidit
729 3016 760 3053 ac
772 3005 942 3072 suspectum.
951 2992 1030 3068 Quid
1042 3014 1159 3066 censes,

93 3087 274 3149 Harlesium?
293 3088 349 3150 llic
365 3089 459 3151 omnia
476 3089 653 3151 confundens
670 3090 708 3151 ita
724 3090 823 3153 scribit
837 3090 867 3150 in
885 3092 970 3152 Brev.
984 3090 1078 3150 Notit.
1095 3089 1161 3149 Lit-

93 3200 176 3249 terat
189 3191 278 3252 Rom.
295 3212 339 3250 an.
361 3191 454 3275 1789,
471 3215 499 3270 p.
514 3192 582 3253 225.

139 3289 245 3351 Tibulli
260 3291 348 3374 elegia
360 3292 395 3352 de
406 3292 548 3353 amoribus
564 3305 593 3351 et
610 3293 738 3354 laudibus
749 3293 1055 3371 Messalae,l,ipsired,
1073 3291 1158 3353 1500.

94 3426 136 3440 -
146 3388 212 3452 Act.
226 3391 333 3451 Tibulli
340 3392 438 3474 elegiae
452 3392 517 3454 libri
531 3394 563 3452 Π
574 3437 583 3467 ,
597 3392 629 3452 L·
637 3393 745 3456 Annaei
754 3396 867 3455 Senecae
878 3395 948 3477 biga
962 3394 1160 3480 tragoediarum

94 3511 163 3553 eura
180 3488 263 3550 Conr.
279 3486 373 3548 Celtis.
389 3486 426 3562 i,
446 3491 521 3553 cirea
536 3492 621 3551 finem
638 3515 704 3553 saec.
721 3494 786 3554 XV.

136 3584 211 3661 llic,
227 3587 292 3647 satis
306 3597 439 3664 apparet,
458 3589 552 3665 primo
567 3588 634 3649 loco
652 3590 802 3672 significari
814 3590 969 3651 editionem
981 3586 1161 3647 Tlmnneria-

95 3706 180 3759 uam,
195 3705 249 3766 qua
265 3708 333 3746 usus
350 3698 393 3746 est
407 3687 546 3770 lleynius.
569 3688 662 3763 Quale
675 3709 745 3749 vero
761 3686 880 3747 alterum
901 3706 974 3765 opus
993 3697 1057 3757 est,
1080 3685 1160 3764 quod

94 3783 222 3847 secundo
236 3784 303 3846 loeo
312 3799 486 3848 memoratur
501 3810 507 3845 :
525 3785 590 3848 Act.
604 3785 712 3846 Tibulli
723 3786 820 3866 elegiae
832 3784 894 3844 libri
906 3785 938 3841 11
951 3786 964 3841 ἕ
982 3785 1050 3856 lssst,
1066 3782 1162 3864 inquit

94 3886 260 3958 Harlesius,
278 3887 398 3965 (Suppl.
409 3900 479 3966 part.
491 3889 523 3962 l,
538 3910 566 3965 p.
576 3886 654 3965 350)
670 3887 758 3948 editio
765 3887 863 3947 Tibull
883 3907 948 3946 cura
959 3885 1041 3946 Conr.
1058 3883 1157 3958 Celtis,

95 3988 132 4048 de
146 3986 274 4069 quavide
284 3989 425 4048 Schniacr
436 3988 504 4048 bibl.
520 3987 655 4049 Neostad.
671 3988 705 4048 ad
722 3987 861 4061 llissum,
879 3999 950 4065 part.
967 3989 1014 4055 ll,
1030 4010 1092 4072 pag.
1109 3983 1160 4048 23.

95 4089 142 4148 Ae
157 4086 326 4149 Schoinerns
343 4086 455 4168 quidem
474 4109 504 4147 re
520 4110 585 4149 vera
600 4088 640 4147 ibi
655 4101 791 4149 memorat
810 4111 882 4168 opus
902 4087 955 4148 suls
972 4089 1029 4148 hoc
1049 4086 1158 4147 titulo:

97 4216 109 4240 υ
126 4187 192 4249 Act.
203 4185 311 4247 Tibulli
324 4186 421 4268 elegire
434 4185 498 4246 libri
514 4187 571 4249 duo
585 4211 593 4248 ι
607 4190 678 4248 Luc.
696 4190 775 4249 Ann.
792 4193 909 4252 Senecae
923 4190 993 4272 Biga
1007 4185 1161 4269 tragoedia-

92 4308 160 4347 rum
177 4305 246 4346 eura
260 4284 388 4347 Conradi
408 4285 519 4347 Celtisz
536 4314 552 4338 n
570 4286 739 4368 videturque
759 4287 789 4346 in
803 4309 835 4349 ea
852 4287 989 4365 opinione
1006 4283 1109 4354 luisse,
1128 4297 1161 4344 ut

94 4385 247 4459 erederet,
267 4398 414 4467 utramque
430 4383 590 4447 editionem
606 4397 730 4447 cunum
752 4407 814 4449 esse
836 4387 932 4454 asiro
953 4388 1010 4447 hoc
1031 4383 1160 4447 celeber-
