2580 5002
223 683 489 747 CODICIBUS
515 683 576 744 ET
600 682 929 746 EDITIONIBUS.
1014 683 1109 768 lxxxiii

42 815 79 876 de
96 836 129 877 ea
143 814 217 877 dicta
237 825 314 876 sunt.
329 814 479 877 Editorem
495 813 734 898 Cantabrigieusis
754 815 838 899 hujus
856 814 989 877 editionis
1012 836 1087 900 ¹7⁰²
1096 863 1107 891 ‚

40 916 174 975 nominat
186 914 308 992 Vulpius
324 913 429 975 Annal.
445 914 516 975 Litt.
529 913 664 976 Fascicul.
677 916 713 989 I,
730 936 794 999 pag.
814 914 860 974 18.
878 916 933 976 Est
943 914 1106 994 Annesley,

40 1029 110 1099 post
125 1037 221 1079 comes
236 1016 270 1075 de
286 1015 436 1095 Anglesey.

84 1124 164 1185 Albii
184 1123 315 1198 Tibulli,
336 1122 450 1206 Equitis
468 1123 592 1185 Romani
608 1146 672 1206 quas
686 1135 821 1199 exstant,
837 1125 873 1184 ad
887 1125 970 1187 fidem
984 1126 1112 1187 seierum

41 1224 269 1286 membranarum
291 1223 390 1284 sedulo
411 1225 552 1306 castigata.
569 1220 723 1284 Accedunt
739 1236 817 1285 notae
836 1245 902 1285 cum
917 1246 975 1286 var.
988 1224 1057 1286 lect.
1071 1221 1112 1283 li-

42 1321 130 1384 bello·
145 1321 273 1402 (Studio
288 1320 355 1381 dani
371 1321 522 1399 Brouklr.)
540 1323 659 1383 Amstel.
680 1319 773 1405 1708,
790 1322 881 1399 in-l,⁰.

84 1428 259 1513 Scaligerum
269 1427 404 1511 religiose
413 1427 443 1487 in
455 1426 625 1488 carminibus
635 1427 819 1510 disponendis
828 1439 942 1489 secutus
951 1439 1009 1505 est,
1018 1427 1112 1489 minus

39 1528 73 1589 iu
90 1526 295 1590 constituendo
310 1538 401 1588 textu.
939 1540 942 1545 ’

84 1640 122 1700 C.
135 1637 230 1698 Valer.
246 1636 393 1711 Catullus,
411 1636 450 1697 A.
464 1637 617 1711 Tibullus,
633 1637 700 1699 Sex.
716 1637 815 1699 Aurel.
829 1637 996 1715 Propertius
1010 1657 1044 1696 ex
1059 1658 1111 1699 re-

42 1744 181 1808 censione
195 1746 245 1806 Jo.
263 1744 333 1804 Ant.
351 1744 447 1823 Vulpii
463 1744 686 1827 Bergomensis,
705 1767 770 1805 cum
787 1744 913 1828 ejusdem
933 1742 1113 1808 observatio-

41 1846 141 1907 nibus.
157 1844 273 1905 Paravit
284 1844 363 1925 apud
374 1843 436 1905 Jos.
454 1844 582 1917 Corona,
606 1867 702 1929 1710,
719 1844 814 1921 iu-l,⁰.

85 1963 127 2023 Et
138 1960 321 2034 adolescens,
338 1972 367 2021 et
381 1961 511 2022 nondum
525 1962 582 2026 visa
593 1960 828 2051 Broulbusiana,
843 1963 916 2023 banc
931 1962 1059 2024 emiserat
1069 1961 1112 2023 vir

44 2059 240 2123 doctissimus.
254 2059 344 2121 Multa
359 2060 519 2123 retractavit
533 2061 564 2120 in
579 2060 703 2123 editione
720 2060 889 2143 posteriore.

87 2167 216 2242 Catulli,
234 2166 360 2243 Tibulli,
374 2168 516 2251 Propertii
528 2190 625 2252 opere.
640 2170 793 2231 Accedunt
806 2171 933 2252 quadam
949 2169 1113 2231 eorumdem

43 2270 202 2332 Poetarum
215 2267 336 2330 carmina
350 2291 442 2353 graece
458 2290 556 2343 versa,
575 2292 638 2330 curn
655 2270 708 2333 oda
723 2269 853 2348 Sapphus
871 2295 886 2332 a
901 2270 1014 2331 Catullo
1030 2268 1115 2329 latine

45 2368 175 2442 reddita,
187 2380 289 2430 etcum
301 2369 678 2452 indiceeopiosodnndinc',
690 2370 755 2432 Juc.
770 2371 896 2441 Tbuson,
914 2370 1008 2452 1715,
1022 2369 1079 2428 in-r
1087 2389 1115 2426 s.

87 2478 234 2541 Michaelis
240 2478 374 2540 Maittarii
384 2503 449 2542 cura
456 2480 579 2559 prodiit,
590 2480 640 2563 qui
647 2480 743 2560 plures
751 2479 820 2540 alios
828 2491 957 2541 auctores
967 2479 1017 2538 bac
1027 2476 1115 2537 [orma

44 2574 227 2638 excudendus
242 2579 370 2653 curavit;
390 2600 512 2660 corpore
524 2599 640 2661 quoquc
655 2579 808 2639 Poetarum
825 2577 925 2649 edito,
943 2597 1021 2657 quo,
1039 2573 1114 2634 utin

14 2720 19 2731 ·
44 2675 148 2738 ceteris
171 2690 321 2756 poetarum
347 2677 540 2757 corporibus,
567 2677 715 2739 Tibullum
737 2698 851 2759 quoque
875 2675 1114 2754 comprehensum

42 2795 131 2851 esse,
148 2798 267 2841 monere
287 2802 359 2858 opus
379 2793 507 2840 nonest.
532 2780 577 2838 Ex
596 2776 822 2861 cantabrigiensi
838 2775 956 2855 repetita
970 2788 1032 2848 est,
1059 2795 1114 2833 uua

42 2898 111 2937 cum
132 2899 189 2938 var.
217 2878 283 2941 lect.
302 2868 431 2962 'Adjecta
458 2877 568 2953 tabula,
590 2899 648 2961 qua
668 2878 858 2965 Scaligerauas
879 2874 1114 2955 transpositiones

44 2989 214 3056 comparatae
228 2990 317 3053 sunt,
336 2980 404 3040 item
421 3000 512 3060 graeca
529 2979 624 3042 versio
634 2979 841 3042 nonnullorum
851 2977 1036 3039 carminuma
1049 2977 1116 3035 Sca·

44 3077 138 3164 ligero
154 3091 184 3142 et
197 3080 334 3143 Florente
351 3080 518 3141 Christiano
535 3079 615 3142 sacta.

87 3187 238 3263 Catullus,
258 3187 411 3263 Tibullus,
428 3190 619 3272 Propertius,
635 3191 669 3251 ad
683 3190 767 3252 fidem
781 3189 958 3273 optimorum
973 3186 1111 3265 exempla-

44 3288 119 3350 rium
136 3290 291 3367 recensiti,
308 3313 373 3351 cum
387 3290 475 3351 Mss.
492 3313 549 3351 var.
565 3292 630 3353 lect.
648 3292 768 3377 margini
782 3291 918 3374 appositis
930 3290 964 3351 ad
981 3288 1116 3351 Celsissi·

45 3409 126 3448 mum
140 3387 391 3452 Aurelianensium
405 3391 524 3452 Ducem.
541 3392 670 3470 (Studio
685 3405 715 3453 et
731 3414 815 3470 opera
830 3392 923 3452 Mic-lc.
939 3388 1115 3461 Broclrard.)

47 3485 153 3556 Pnn's,
173 3487 343 3561 Constelicr,
363 3485 459 3572 1723,
477 3489 570 3564 iu-l,⁰.

89 3591 184 3654 Multa
197 3595 328 3671 praeclara
345 3595 468 3657 minatur
484 3598 599 3668 editor;
623 3599 663 3659 nil
680 3612 771 3659 tamen
788 3598 863 3659 aliud
880 3597 961 3682 egit,
985 3617 1067 3677 quam
1083 3609 1116 3655 ut

47 3689 254 3774 Scatigenmm
271 3693 460 3754 recudendam
485 3696 617 3756 traderet.
645 3698 716 3757 'sam
743 3695 811 3758 leris
837 3697 940 3755 borum
964 3691 1115 3753 bominum

47 3794 116 3855 lides
134 3806 196 3868 est,
213 3794 238 3855 si
253 3794 405 3856 verborum
422 3797 640 3859 ostentationem
657 3795 803 3858 adrerum
822 3807 987 3879 argumenta
1003 3793 1114 3855 referas.

46 3890 82 3952 ad
99 3902 263 3969 temporum
279 3891 403 3955 rationes
425 3915 514 3971 porro
531 3893 580 3955 bic
604 3891 851 3956 commemorandi
874 3905 917 3953 cst
938 3892 1046 3967 editio,
1079 3890 1115 3950 dc

47 4011 103 4075 qua
118 4010 202 4071 supra
216 3991 271 4072 jam
287 4003 379 4051 actum
396 4003 462 4053 est:

88 4096 222 4159 Tibsdlus
239 4098 450 4173 Corviuianus,
471 4123 520 4162 seu
538 4100 617 4162 Albii
638 4099 766 4171 Tibulli,
794 4099 949 4161 Triumviri
972 4095 1113 4176 poetices,

47 4219 112 4278 quae
128 4209 290 4278 supersunt.
307 4200 333 4258 E
350 4199 449 4261 codice
464 4201 552 4263 tiss.
569 4199 698 4260 Matthiae
714 4200 834 4264 Corvini
851 4200 940 4282 Regis
959 4197 1114 4278 Hungariae

44 4298 194 4358 recensuit
203 4297 320 4358 Samuel
333 4297 519 4360 Koleseriusa
530 4292 703 4360 Renes-Ber.
714 4300 901 4380 Cluudszoli,
919 4320 993 4383 ¹7²7
1005 4295 1114 4369 ,in-8⁰.

90 4403 242 4482 Catullus,
260 4405 416 4483 Tibullus,
430 4408 616 4485 Propertius,
633 4409 668 4470 ad
684 4409 768 4471 fidem
784 4410 959 4488 optimorum
976 4406 1114 4469 librorum
