2550 4972
47 667 1144 726 ἡ

323 854 447 986 DE
508 856 968 1005 TIBULLI·

86 1165 484 1305 CODlClBUS
523 1167 603 1253 ET
647 1169 1131 1256 EDITIONIBUS.

474 1413 760 1445 ...ψ-υ-

81 1721 159 1825 dos.
175 1763 322 1847 Scaliger,
336 1764 367 1824 in
382 1764 534 1827 comment.
550 1788 578 1844 p.
592 1764 667 1841 216,
682 1768 721 1826 ait
735 1789 743 1826 ε
759 1795 773 1821 n
783 1767 861 1850 Lege
871 1765 955 1830 vitam
967 1773 1062 1842 poetae
1078 1762 1152 1840 apud

84 1885 96 1914 t
113 1862 274 1949 Gyraldum
284 1887 293 1938 ς
304 1862 344 1925 ibi
353 1865 462 1929 videbis
476 1865 625 1945 exemplar,
633 1889 669 1928 ex
679 1887 737 1948 quo
753 1865 848 1927 ornuia
859 1888 923 1948 quae
940 1861 1049 1925 Tibulli
1064 1859 1151 1925 bodie

86 1987 98 2013 ¹¹
114 1975 228 2025 entant
251 1977 405 2048 propagata
428 1979 511 2043 sunt,
529 1965 639 2049 aliquot
654 1964 769 2052 pagellis
792 1962 991 2044 transpositis,
1008 1961 1152 2023 turbatum

88 2063 199 2125 »fuisse
213 2090 240 2124 s.
260 2066 334 2141 Quis
350 2066 458 2128 nonin
473 2066 558 2128 verbu
574 2067 645 2128 tanti
665 2066 793 2150 magistri
808 2066 932 2151 juraret?
950 2067 993 2124 Ex
1010 2085 1068 2147 quo
1084 2066 1154 2126 Sca-

86 2163 150 2249 liger
165 2165 231 2227 baee
246 2167 459 2244 pronuntiavit,
482 2167 577 2228 nullus
598 2165 657 2228 fere
675 2167 732 2229 suit
751 2168 915 2242 editorum,
940 2166 1010 2249 quin
1026 2165 1155 2227 eamdent

85 2261 164 2326 iniret
174 2263 364 2338 seutentiam,
378 2288 433 2348 qua
444 2277 537 2329 tamen
550 2265 622 2326 nibil
634 2265 748 2327 stultius
760 2286 821 2327 esse
833 2277 939 2344 potest.
956 2265 1065 2326 Omnes
1077 2262 1153 2324 euim

85 2363 194 2426 codices
211 2388 245 2427 ex
259 2387 319 2427 uuo
331 2366 481 2448 exemplari
496 2366 608 2429 lbrxisse
624 2389 709 2429 neruo
726 2365 913 2440 existimabit,
931 2366 980 2448 qui
994 2364 1154 2427 lectionum

86 2463 433 2541 interammensem,
449 2488 502 2551 qua
513 2466 620 2529 laborat
631 2465 780 2540 Tibullus,
797 2464 892 2535 novit,
908 2475 1043 2542 praeterea
1053 2462 1153 2525 falsum

85 2576 122 2625 est
135 2564 296 2649 Gyraldurn
306 2565 402 2628 eadem
413 2565 533 2641 dixisse,
551 2589 615 2648 quse
627 2565 653 2625 ei
664 2563 801 2641 adtribuit
813 2563 947 2649 Scaliger.
964 2561 1031 2623 Vnt
1043 2560 1153 2624 ttbulti

84 2666 183 2750 legitur
194 2666 224 2729 iu
236 2665 350 2751 dialogo
362 2681 480 2751 quarto,
493 2691 521 2747 p.
534 2689 608 2741 aaa,
619 2689 712 2750 neque
722 2665 963 2749 tamenlleynius,
975 2685 1069 2746 neque
1077 2665 1153 2726 vos-

84 2762 155 2835 sius,
170 2783 266 2845 neque
277 2763 338 2846 ipse
351 2786 407 2849 ego
417 2766 567 2849 vestigium
578 2765 660 2827 istius
674 2764 837 2828 assertionis
853 2762 977 2842 reperire
992 2761 1152 2844 potuimuss

82 2859 183 2924 abusus
200 2875 245 2924 est
260 2862 355 2946 itaque
366 2865 484 2948 Gyraldi
499 2864 567 2927 loco
580 2864 717 2952 Scaliger,
734 2877 768 2926 ut
783 2863 886 2929 merito
901 2876 983 2926 notat
993 2862 1104 2950 Spolia,
1124 2873 1153 2921 et

83 2963 133 3043 jun
154 2963 192 3026 de
212 2962 303 3026 bbula
316 2965 381 3038 illa,
403 2988 487 3047 quam
506 2966 581 3028 inter
604 2967 714 3028 somnia
733 2968 837 3029 creavit
863 2966 967 3028 docors
988 2965 1054 3039 vir,
1079 2962 1153 3025 nibil

55 3116 64 3131 ,
84 3065 201 3126 omuino
214 3078 351 3144 superest.
363 3066 442 3142 Quid
458 3067 492 3128 de
504 3065 581 3128 bisce
593 3068 781 3141 sentiremus,
792 3067 855 3129 sine
863 3067 1040 3128 dubitatione
1050 3067 1106 3148 jam
1116 3065 1152 3125 ad

84 3169 143 3232 libri
155 3173 222 3247 ΙΙΙ,
237 3173 367 3258 Elegiam
382 3190 450 3249 vtt,
464 3197 492 3234 v.
506 3172 564 3249 32,
582 3175 798 3248 declaravimus,
816 3173 864 3235 ubi
877 3175 963 3236 etiam
975 3182 1147 3255 argumento

85 3270 132 3333 luit
148 3273 234 3335 nobis
250 3274 384 3336 codicum
395 3274 560 3350 diversitas,
579 3298 660 3357 quarn
676 3298 737 3338 non
754 3275 849 3335 solum
865 3275 896 3335 in
911 3272 1031 3357 singulis
1047 3271 1153 3334 lectio-

87 3370 163 3433 nitu
172 3373 299 3455 reperire
309 3387 368 3450 cst,
381 3373 524 3435 sedetiam
536 3373 679 3458 qulegiis
689 3373 852 3437 ordinandis
863 3387 947 3456 atque
959 3371 1155 3456 disponendis.

87 3469 217 3535 Attamen
232 3473 377 3536 &tendum
398 3488 461 3548 est,
483 3473 597 3536 codices
613 3496 713 3537 ornnes
731 3474 901 3538 recentioris
917 3495 979 3537 esse
994 3474 1152 3555 temporis,

87 3583 165 3655 atque
176 3573 225 3637 vix
237 3575 375 3637 saeculum
384 3575 458 3636 xtv
468 3575 612 3636 excedere.
624 3561 715 3635 Tanta
724 3585 872 3637 vereamur
882 3573 914 3633 in
928 3573 1107 3656 corruptela,
1121 3584 1155 3633 ut

86 3691 156 3755 egre
166 3673 224 3757 legi
233 3675 347 3757 possint
357 3675 505 3737 tersissimi
515 3686 610 3754 poetae
620 3674 756 3746 earmina,
774 3674 932 3752 prasertim
945 3694 979 3734 ex
993 3692 1069 3753 quo,
1082 3692 1155 3754 pro-

84 3779 156 3835 tem
170 3775 348 3850 temeritate,
364 3774 491 3859 Scaliger
505 3774 603 3838 omnia
611 3774 726 3837 miscuit
740 3775 770 3834 in
785 3771 968 3835 editionibus.
985 3773 1114 3834 Fuerunt
1125 3784 1156 3835 et

83 3884 143 3935 ante
154 3874 351 3958 typographiae
361 3874 558 3938 inventionem
565 3875 619 3938 viri
630 3875 709 3937 docti
719 3874 832 3958 quidam
844 3895 878 3935 ex
891 3873 988 3954 ltalia,
1002 3873 1051 3957 qui
1061 3874 1154 3937 studia

83 3967 255 4054 sopanus
267 3944 581 4048 substententur
594 3975 625 4035 tn
635 3976 728 4037 sae...
739 3974 870 4036 tonsu
881 3987 948 4036 nn
960 3973 1153 4053 (omnum.

84 4081 142 4143 tet,
159 4094 244 4154 quam
255 4073 303 4135 bie
316 4074 576 4159 trmscripsimus):
593 4078 634 4137 ι’.
649 4102 664 4128 u
674 4075 841 4137 Franciscus
857 4074 1024 4152 Philelpbus
1036 4073 1154 4135 Tolen-

85 4193 99 4222 ι
115 4171 253 4249 tinensis,
265 4187 351 4237 natur
364 4173 453 4260 1398,
466 4188 495 4235 et
503 4188 635 4238 mortuus
649 4173 721 4251 1481
736 4219 746 4248 ,
758 4176 802 4238 vir
813 4198 871 4238 suae
881 4175 972 4238 relatis
983 4176 1075 4236 multo
1087 4174 1155 4235 doc·

86 4301 100 4327 o
115 4273 259 4350 tissimus,
275 4286 305 4335 et
314 4274 472 4358 Epistolis,
487 4273 690 4347 Orationibus,
707 4272 768 4336 aliis
781 4272 915 4354 operibus
930 4273 1012 4334 editis
1025 4273 1153 4337 celeber-

86 4402 100 4427 »
113 4375 218 4447 simun
234 4387 274 4436 2⁰.
283 4375 421 4438 Jovianus
427 4376 574 4439 Pontinus
587 4356 781 4450 ce'rretemis,
794 4387 875 4437 natus
889 4370 967 4447 1426
978 4384 1008 4435 et
1020 4385 1151 4435 mortuus

87 4500 102 4526 ι
122 4470 216 4548 1503;
234 4484 339 4556 praeter
349 4474 546 4559 pbilosopbioe
561 4496 665 4558 opera,
681 4475 792 4554 scripsit
805 4474 962 4537 Historiam
978 4475 1045 4537 belli
1060 4478 1150 4555 Neap.
