2550 4972
255 659 523 725 CODICIBUS
550 659 610 720 ET
636 656 962 724 EDITIONIBUs.
1080 656 1144 720 lxxv

125 797 286 857 Curvssnvs
301 792 434 854 Tibullus
451 790 627 868 Propertius.
642 790 807 870 Antoerpioe
814 833 824 863 ,
841 812 874 850 ex
887 787 1001 850 officina
1011 786 1149 850 Christo-

97 896 164 978 pbori
180 892 305 955 Plautini
322 893 515 952 M.1).Lxlx.

129 1003 244 1075 hlirum,
261 1002 291 1061 in
306 998 393 1060 titulo
404 1019 465 1057 non
477 997 627 1058 memorari
644 998 728 1059 Corn.
745 998 828 1058 Galli
841 1000 1009 1078 Fragmenta
1015 1024 1027 1071 ,·
1042 1020 1107 1081 quse
1118 999 1148 1058 in

101 1104 138 1164 bec
152 1105 273 1164 editione
297 1103 431 1184 leguntur
449 1113 515 1178 post
533 1099 680 1160 Tibullum
703 1123 768 1159 cum
786 1100 927 1182 prooemio
942 1101 1058 1161 Theod.
1074 1099 1148 1161 Pul-

103 1206 184 1263 nmni.
192 1206 303 1280 Nempe
314 1200 459 1261 Catullum
469 1211 498 1260 ct
507 1198 655 1260 Tibullum
661 1199 762 1261 Victor
773 1201 1150 1274 GisetiuusetPutmsnnus,

105 1303 195 1364 Gallum
205 1303 383 1364 Pulmannus
395 1301 475 1360 solus
492 1299 620 1358 curavit:
638 1299 820 1381 Propertium
835 1299 985 1362 Canterus.
999 1297 1150 1360 Sentenius

106 1401 318 1465 inCollectaneis
331 1403 368 1460 ite
380 1422 387 1459 :
399 1399 544 1460 Fabricius
556 1398 671 1481 quidem
687 1410 716 1457 et
730 1398 881 1459 Ernestius
897 1399 927 1458 in
941 1398 1016 1460 Bibl.
1033 1400 1095 1458 Lat.
1116 1399 1151 1473 I,

108 1516 188 1574 dxlv,
203 1498 228 1583 ξ.
245 1520 265 1583 9
279 1498 483 1568 crediderunt,
500 1497 557 1556 hoc
572 1518 647 1556 anno
662 1495 845 1576 Propertium
857 1495 1005 1572 separatim
1019 1516 1079 1557 esse
1094 1495 1154 1556 edi-

107 1598 327 1667 truncantem
346 1595 395 1655 sed
410 1617 459 1656 eos
476 1593 531 1654 salli
548 1593 614 1653 satis
629 1603 706 1670 patet
716 1614 750 1652 ex
763 1591 806 1650 his
820 1592 927 1666 verbis,
948 1592 1015 1651 huic
1032 1592 1154 1655 editioni

108 1697 222 1770 pmfiris:
239 1725 254 1748 «ι
267 1698 312 1758 En
327 1695 397 1768 tibi,
413 1693 530 1755 candide
546 1693 658 1766 lector,
678 1691 824 1753 Catullum
838 1705 867 1752 et
879 1692 1026 1754 Tibullum
1043 1694 1152 1756 doctis-

110 1793 219 1855 simorum
231 1796 360 1858 virorum
374 1791 546 1855 lectionibus
556 1814 572 1850 a
583 1791 700 1851 Victore
716 1790 849 1854 Giselino
861 1804 890 1852 et
905 1793 1064 1855 Theodoro
1079 1794 1153 1855 Pul-

110 1914 191 1958 nmno
205 1893 402 1976 Craneburgio
423 1890 550 1953 studiose
573 1903 602 1951 et
622 1891 773 1974 diligenter
792 1891 943 1965 collectis,
969 1893 1152 1967 emendstos3

111 1993 185 2069 quibos
204 2015 254 2053 suo
268 1992 334 2071 jure
354 1992 474 2051 occessit
497 1991 658 2072 Propertius
678 1980 816 2051 Gulielmi
834 1991 951 2054 Centeri
972 1992 1098 2054 Scholiis
1117 1992 1155 2055 its

111 2088 259 2165 illustratus,
277 2090 348 2150 nibil
365 2102 398 2151 ut
413 2090 534 2172 amplius
554 2090 590 2149 ad
608 2089 748 2168 optimum
764 2103 875 2168 poetam
897 2105 974 2154 recte
990 2093 1153 2177 intelligen-

113 2185 161 2248 don
174 2190 320 2252 desiderari
333 2210 417 2267 posse
433 2189 569 2252 videatur.
579 2213 597 2243 ss
614 2191 658 2250 Ex
674 2190 717 2251 his
733 2190 826 2252 verbis
845 2192 1006 2274 neutiquam
1016 2193 1155 2267 efficitur,

112 2287 269 2370 Propertium
294 2289 473 2372 conjunctum
490 2313 555 2351 cum
573 2290 689 2351 Catullo
709 2304 739 2351 et
755 2292 874 2353 Tibullo
894 2294 1056 2371 prodiisse,
1077 2306 1105 2357 et
1123 2318 1156 2357 ex

113 2389 213 2455 editione
227 2393 286 2471 ipss
301 2389 451 2452 manifesto
466 2401 599 2472 apparet,
617 2390 697 2451 illum
710 2390 856 2468 separatim
873 2392 979 2452 editum
997 2414 1067 2455 esse.
1082 2396 1156 2456 Nam

112 2488 238 2573 tigmttirae
252 2491 455 2554 continuentur
471 2490 613 2550 aCetullo
628 2490 661 2550 ad
673 2490 788 2552 Gallum
804 2493 864 2550 sine
880 2491 1097 2570 interruptione.
1114 2496 1156 2554 Ar

112 2603 160 2669 post
172 2593 285 2654 Gallum
301 2590 402 2673 incipit
418 2610 509 2650 novus
525 2588 627 2649 titulus
643 2609 708 2648 cum
724 2609 797 2648 nova
813 2589 954 2670 signatura
971 2612 978 2647 :
997 2592 1062 2653 Sex.
1079 2592 1155 2655 Pro-

112 2691 174 2767 penti
191 2689 374 2776 Elegisrum,
395 2687 461 2749 libri
484 2689 558 2747 1111.
577 2688 654 2749 Cum
678 2687 801 2751 Scholiis
825 2687 897 2748 Gul.
916 2688 1041 2751 Canteri.
1067 2694 1155 2753 Anto.

113 2792 198 2858 hot}
215 2796 325 2859 Christ.
340 2795 474 2857 Plautini.
491 2797 685 2856 M.D.1„xtx.

141 2910 169 2971 ln
182 2910 300 2973 Tibullo
321 2908 466 2970 consentit
486 2907 549 2967 haec
572 2907 661 2968 editio
681 2907 848 2988 plerumque
870 2930 934 2968 cum
953 2908 1045 2968 Plant.
1066 2909 1152 2973 1560.

113 3003 197 3073 huosa
211 3024 306 3073 temen
319 3009 349 3068 in
363 3008 526 3068 universum
537 3007 611 3068 haud
625 3028 712 3085 pauca
724 3019 807 3080 sunt,
823 3008 945 3085 primum
960 3008 989 3067 in
1001 3011 1154 3094 orthogra-

112 3106 166 3184 pbb
177 3115 249 3174 Nam
265 3111 339 3172 illata
349 3110 396 3169 illa
405 3110 436 3169 in
446 3108 571 3186 priorem
587 3108 761 3191 diphthongi
774 3131 875 3191 graecse
890 3109 1026 3186 scriptura
1036 3134 1154 3189 prorsus

113 3207 194 3291 abjecta
208 3224 260 3272 est.
277 3211 371 3270 Etiam
383 3230 470 3270 noves
486 3209 625 3269 lectiones
641 3208 801 3268 intulerunt
814 3208 947 3269 editores.
960 3210 1106 3271 Variantes
1124 3210 1155 3270 in

114 3313 214 3394 mgine
227 3323 319 3372 auctae
329 3321 396 3370 sunt
406 3330 421 3370 e
432 3309 555 3371 Statiano
567 3307 712 3379 editione,
729 3328 763 3368 ex
775 3330 828 3390 qua
840 3322 1025 3370 correxerunt
1035 3311 1154 3372 subinde

58 3472 61 3489 Ι
115 3404 243 3472 lectionem
258 3408 385 3482 Mureti,
400 3432 483 3490 quem
500 3409 530 3467 in
541 3407 651 3468 caetcris
663 3420 830 3489 sequuntur.
846 3411 925 3469 inter
938 3409 998 3470 illas
1009 3412 1155 3473 Venientes

58 3492 60 3503 Ι
114 3510 272 3585 reperiuntur
285 3507 369 3568 etiam
381 3506 519 3568 lectiones
534 3506 687 3590 scaligeri,
707 3507 755 3589 qui
767 3519 940 3569 memoratur
953 3509 1024 3589 adeo
1041 3510 1070 3568 in
1087 3511 1155 3570 No-

114 3613 187 3670 unm
201 3610 406 3690 explicamus,
423 3607 565 3684 prooemio
578 3606 711 3691 subjecta.
729 3610 797 3668 Hoc
807 3608 958 3671 Huschlrio
975 3610 1073 3692 injecit
1089 3632 1157 3670 sus—

113 3702 235 3779 pitionem
247 3750 257 3781 ,
272 3707 412 3785 proditam
422 3707 453 3764 in
466 3708 670 3768 commentario
681 3707 715 3765 ad
727 3706 829 3767 librum
840 3706 968 3779 Tibulli,
983 3707 1040 3781 lV,
1053 3724 1087 3769 lx
1098 3752 1107 3783 ,
1119 3731 1156 3784 2,

113 3806 170 3866 etad
179 3806 266 3867 Marsi
276 3806 464 3888 epigramma,
478 3805 652 3867 circumferri
664 3808 746 3890 hujus
760 3806 895 3868 editionis
907 3805 1072 3884 exemplaria
1080 3809 1160 3871 adul·

111 3905 200 3980 terim,
217 3904 328 3994 quibus
340 3904 407 3967 hlse
426 3905 492 3965 anni
512 3918 581 3967 note
600 3906 736 3985 impressa
756 3918 839 3967 esset.
862 3908 927 3981 Qua
945 3906 976 3966 in
995 3909 1159 3987 suspicione

109 3998 172 4065 illum
183 4004 367 4068 confirmabat
377 4004 515 4078 Vossius,
530 4005 580 4086 qui
596 4009 627 4066 in
642 4029 691 4068 orn
705 4005 870 4083 exemplaris
884 4007 928 4066 sui
939 4007 1092 4087 Epitaphio
1105 4010 1159 4070 Ti-

107 4096 164 4163 bulli
176 4103 349 4181 adscriptum
360 4104 400 4163 ait
413 4124 474 4163 esse
488 4115 553 4164 ante
566 4103 742 4187 Scaligerum
757 4103 943 4165 aPulmanno
956 4128 963 4164 ι
979 4107 1161 4186 Epigramma

105 4198 179 4267 limi
194 4205 229 4263 dc
244 4214 334 4263 morte
352 4202 465 4263 Tibulli.
480 4205 551 4266 liceo
566 4206 678 4266 notatio
697 4202 732 4263 ab
749 4202 827 4264 illius
846 4204 975 4283 exemplo
995 4203 1083 4263 abest·
1101 4204 1164 4263 Aut

100 4304 183 4390 igitur
190 4305 243 4366 alia
250 4302 445 4365 Vossiususus
454 4303 648 4383 esteditione,
658 4315 706 4364 aut
714 4302 1020 4377 tribuitPlantinianse,
1032 4301 1163 4384 quodle-

97 4405 169 4492 gitur
182 4406 215 4467 iu
226 4426 277 4467 ore
291 4403 427 4489 Lugdun.
439 4425 484 4465 un.
501 4400 594 4485 1573,
613 4426 694 4484 quem
704 4403 739 4465 od
754 4403 872 4467 verbum
888 4427 921 4465 er
935 4405 982 4466 illa
996 4399 1164 4477 descriptam

1095 4648 1212 4680 ᾗ
