<?xml version="1.0" encoding="UTF-8"?>
<!DOCTYPE html PUBLIC "-//W3C//DTD XHTML 1.0 Transitional//EN"
    "http://www.w3.org/TR/xhtml1/DTD/xhtml1-transitional.dtd">
<html xmlns="http://www.w3.org/1999/xhtml" xml:lang="en" lang="en">
 <head>
  <title>
</title>
<meta http-equiv="Content-Type" content="text/html;charset=utf-8" />
  <meta name='ocr-system' content='tesseract 3.04.00' />
  <meta name='ocr-capabilities' content='ocr_page ocr_carea ocr_par ocr_line ocrx_word'/>
</head>
<body>
  <div class='ocr_page' id='page_1' title='image "albiitibulliqua02golbgoog_0143.png"; bbox 0 0 2580 5002; ppageno 0'>
   <div class='ocr_carea' id='block_1_1' title="bbox 109 717 847 801">
    <p class='ocr_par' dir='ltr' id='par_1_1' title="bbox 109 717 847 801">
     <span class='ocr_line' id='line_1_1' title="bbox 109 717 847 801; baseline 0.005 -18"><span class='ocrx_word' id='word_1_1' title='bbox 109 717 153 801; x_wconf 75' lang='lat'>34</span> <span class='ocrx_word' id='word_1_2' title='bbox 439 719 591 784; x_wconf 77' lang='lat' dir='ltr'>sumi</span> <span class='ocrx_word' id='word_1_3' title='bbox 622 719 847 787; x_wconf 77' lang='lat' dir='ltr'>risurus</span> 
     </span>
    </p>
   </div>
   <div class='ocr_carea' id='block_1_2' title="bbox 107 857 1176 1535">
    <p class='ocr_par' dir='ltr' id='par_1_2' title="bbox 156 857 807 959">
     <span class='ocr_line' id='line_1_2' title="bbox 156 857 807 959; baseline 0 -26"><span class='ocrx_word' id='word_1_4' title='bbox 156 857 301 934; x_wconf 74' lang='lat' dir='ltr'>Rettulit</span> <span class='ocrx_word' id='word_1_5' title='bbox 316 887 333 931; x_wconf 91' lang='lat' dir='ltr'>e</span> <span class='ocrx_word' id='word_1_6' title='bbox 350 857 454 931; x_wconf 83' lang='lat' dir='ltr'>triviis</span> <span class='ocrx_word' id='word_1_7' title='bbox 471 860 582 931; x_wconf 90' lang='lat' dir='ltr'>omina</span> <span class='ocrx_word' id='word_1_8' title='bbox 601 877 688 932; x_wconf 87' lang='lat' dir='ltr'>certa</span> <span class='ocrx_word' id='word_1_9' title='bbox 707 888 807 959; x_wconf 90' lang='lat' dir='ltr'>puer:</span> 
     </span>
    </p>

    <p class='ocr_par' dir='ltr' id='par_1_3' title="bbox 109 973 1099 1194">
     <span class='ocr_line' id='line_1_3' title="bbox 109 973 1099 1076; baseline 0 -27"><span class='ocrx_word' id='word_1_10' title='bbox 109 978 236 1049; x_wconf 81' lang='lat' dir='ltr'>Cuncta</span> <span class='ocrx_word' id='word_1_11' title='bbox 253 976 375 1047; x_wconf 83' lang='lat' dir='ltr'>dabant</span> <span class='ocrx_word' id='word_1_12' title='bbox 391 974 538 1048; x_wconf 88' lang='lat' dir='ltr'>reditus:</span> <span class='ocrx_word' id='word_1_13' title='bbox 554 993 660 1049; x_wconf 90' lang='lat' dir='ltr'>tamen</span> <span class='ocrx_word' id='word_1_14' title='bbox 673 992 723 1048; x_wconf 91' lang='lat' dir='ltr'>est</span> <span class='ocrx_word' id='word_1_15' title='bbox 739 973 893 1048; x_wconf 86' lang='lat' dir='ltr'>deterrita</span> <span class='ocrx_word' id='word_1_16' title='bbox 905 1003 1099 1076; x_wconf 86' lang='lat' dir='ltr'>nunquam,</span> 
     </span>
     <span class='ocr_line' id='line_1_4' title="bbox 157 1093 889 1194; baseline 0.001 -28"><span class='ocrx_word' id='word_1_17' title='bbox 157 1094 250 1188; x_wconf 79' lang='lat' dir='ltr'>Quin</span> <span class='ocrx_word' id='word_1_18' title='bbox 267 1093 374 1180; x_wconf 88' lang='lat' dir='ltr'>lleret,</span> <span class='ocrx_word' id='word_1_19' title='bbox 392 1110 525 1167; x_wconf 85' lang='lat' dir='ltr'>nostras</span> <span class='ocrx_word' id='word_1_20' title='bbox 543 1094 783 1194; x_wconf 81' lang='lat' dir='ltr'>respiceretque</span> <span class='ocrx_word' id='word_1_21' title='bbox 802 1093 889 1178; x_wconf 88' lang='lat' dir='ltr'>vias;</span> 
     </span>
    </p>

    <p class='ocr_par' dir='ltr' id='par_1_4' title="bbox 107 1207 1176 1422">
     <span class='ocr_line' id='line_1_5' title="bbox 107 1207 1176 1309; baseline 0.002 -28"><span class='ocrx_word' id='word_1_22' title='bbox 107 1211 182 1308; x_wconf 91' lang='lat' dir='ltr'>Ipse</span> <span class='ocrx_word' id='word_1_23' title='bbox 202 1237 261 1304; x_wconf 80' lang='lat' dir='ltr'>ego</span> <span class='ocrx_word' id='word_1_24' title='bbox 280 1208 423 1297; x_wconf 84' lang='lat' dir='ltr'>solator,</span> <span class='ocrx_word' id='word_1_25' title='bbox 445 1237 546 1309; x_wconf 90' lang='lat' dir='ltr'>quum</span> <span class='ocrx_word' id='word_1_26' title='bbox 561 1208 627 1306; x_wconf 82' lang='lat' dir='ltr'>jam</span> <span class='ocrx_word' id='word_1_27' title='bbox 645 1210 797 1282; x_wconf 84' lang='lat' dir='ltr'>mandata</span> <span class='ocrx_word' id='word_1_28' title='bbox 813 1207 992 1299; x_wconf 87' lang='lat' dir='ltr'>dedissem,</span> <span class='ocrx_word' id='word_1_29' title='bbox 1148 1232 1176 1283; x_wconf 67' lang='grc' dir='ltr'>ιε</span> 
     </span>
     <span class='ocr_line' id='line_1_6' title="bbox 157 1325 885 1422; baseline 0 -25"><span class='ocrx_word' id='word_1_30' title='bbox 157 1326 353 1422; x_wconf 85' lang='lat' dir='ltr'>Quaerebam</span> <span class='ocrx_word' id='word_1_31' title='bbox 372 1325 481 1399; x_wconf 72' lang='lat' dir='ltr'>tardis</span> <span class='ocrx_word' id='word_1_32' title='bbox 498 1325 614 1397; x_wconf 82' lang='lat' dir='ltr'>auxius</span> <span class='ocrx_word' id='word_1_33' title='bbox 633 1353 738 1422; x_wconf 88' lang='lat' dir='ltr'>usque</span> <span class='ocrx_word' id='word_1_34' title='bbox 756 1352 885 1411; x_wconf 83' lang='lat' dir='ltr'>moras3</span> 
     </span>
    </p>

    <p class='ocr_par' dir='ltr' id='par_1_5' title="bbox 110 1440 948 1535">
     <span class='ocr_line' id='line_1_7' title="bbox 110 1440 948 1535; baseline 0 -23"><span class='ocrx_word' id='word_1_35' title='bbox 110 1440 181 1512; x_wconf 84' lang='lat' dir='ltr'>Aut</span> <span class='ocrx_word' id='word_1_36' title='bbox 196 1467 256 1535; x_wconf 78' lang='lat' dir='ltr'>ego</span> <span class='ocrx_word' id='word_1_37' title='bbox 270 1470 344 1514; x_wconf 92' lang='lat' dir='ltr'>sum</span> <span class='ocrx_word' id='word_1_38' title='bbox 363 1458 532 1515; x_wconf 86' lang='lat' dir='ltr'>caussatus</span> <span class='ocrx_word' id='word_1_39' title='bbox 549 1469 642 1529; x_wconf 91' lang='lat' dir='ltr'>aves,</span> <span class='ocrx_word' id='word_1_40' title='bbox 657 1458 715 1514; x_wconf 83' lang='lat' dir='ltr'>aut</span> <span class='ocrx_word' id='word_1_41' title='bbox 731 1441 840 1515; x_wconf 87' lang='lat' dir='ltr'>omina</span> <span class='ocrx_word' id='word_1_42' title='bbox 860 1440 948 1526; x_wconf 89' lang='lat' dir='ltr'>dira,</span> 
     </span>
    </p>
   </div>
   <div class='ocr_carea' id='block_1_3' title="bbox 106 1602 1179 2063">
    <p class='ocr_par' dir='ltr' id='par_1_6' title="bbox 106 1602 1179 2063">
     <span class='ocr_line' id='line_1_8' title="bbox 108 1602 1176 1674; baseline 0.002 -16"><span class='ocrx_word' id='word_1_43' title='bbox 108 1605 302 1659; x_wconf 77' lang='lat' dir='ltr'>ribusH.Voss.</span> <span class='ocrx_word' id='word_1_44' title='bbox 315 1604 435 1659; x_wconf 84' lang='lat' dir='ltr'>eamdem</span> <span class='ocrx_word' id='word_1_45' title='bbox 447 1603 617 1657; x_wconf 88' lang='lat' dir='ltr'>emendatio-</span> <span class='ocrx_word' id='word_1_46' title='bbox 667 1604 722 1674; x_wconf 89' lang='lat' dir='ltr'>ipso</span> <span class='ocrx_word' id='word_1_47' title='bbox 737 1604 864 1670; x_wconf 83' lang='lat' dir='ltr'>discessu,</span> <span class='ocrx_word' id='word_1_48' title='bbox 882 1603 908 1655; x_wconf 90' lang='lat' dir='ltr'>id</span> <span class='ocrx_word' id='word_1_49' title='bbox 928 1602 952 1656; x_wconf 92' lang='lat' dir='ltr'>ei</span> <span class='ocrx_word' id='word_1_50' title='bbox 972 1603 1176 1660; x_wconf 75' lang='lat' dir='ltr'>formidolosum</span> 
     </span>
     <span class='ocr_line' id='line_1_9' title="bbox 106 1680 1177 1752; baseline 0.004 -16"><span class='ocrx_word' id='word_1_51' title='bbox 106 1703 169 1736; x_wconf 91' lang='lat' dir='ltr'>uem</span> <span class='ocrx_word' id='word_1_52' title='bbox 179 1684 338 1736; x_wconf 79' lang='lat' dir='ltr'>auctoritatis</span> <span class='ocrx_word' id='word_1_53' title='bbox 344 1702 397 1736; x_wconf 79' lang='lat' dir='ltr'>suae</span> <span class='ocrx_word' id='word_1_54' title='bbox 405 1682 489 1734; x_wconf 80' lang='lat' dir='ltr'>fulcro</span> <span class='ocrx_word' id='word_1_55' title='bbox 499 1682 617 1734; x_wconf 83' lang='lat' dir='ltr'>firmave-</span> <span class='ocrx_word' id='word_1_56' title='bbox 666 1693 744 1750; x_wconf 90' lang='lat' dir='ltr'>atque</span> <span class='ocrx_word' id='word_1_57' title='bbox 754 1683 903 1734; x_wconf 89' lang='lat' dir='ltr'>ominosum</span> <span class='ocrx_word' id='word_1_58' title='bbox 916 1681 975 1734; x_wconf 79' lang='lat' dir='ltr'>tuis.</span> <span class='ocrx_word' id='word_1_59' title='bbox 985 1704 998 1728; x_wconf 68' lang='grc' dir='ltr'>ι</span> <span class='ocrx_word' id='word_1_60' title='bbox 1011 1680 1177 1752; x_wconf 79' lang='lat' dir='ltr'>Gronovius,</span> 
     </span>
     <span class='ocr_line' id='line_1_10' title="bbox 107 1759 1177 1832; baseline 0.001 -19"><span class='ocrx_word' id='word_1_61' title='bbox 107 1772 179 1814; x_wconf 86' lang='lat' dir='ltr'>runt.</span> <span class='ocrx_word' id='word_1_62' title='bbox 192 1762 246 1815; x_wconf 86' lang='lat' dir='ltr'>Nos</span> <span class='ocrx_word' id='word_1_63' title='bbox 257 1780 319 1813; x_wconf 90' lang='lat' dir='ltr'>vero</span> <span class='ocrx_word' id='word_1_64' title='bbox 330 1759 467 1829; x_wconf 82' lang='lat' dir='ltr'>pristinam</span> <span class='ocrx_word' id='word_1_65' title='bbox 477 1759 617 1812; x_wconf 86' lang='lat' dir='ltr'>lectionem</span> <span class='ocrx_word' id='word_1_66' title='bbox 668 1759 780 1811; x_wconf 88' lang='lat' dir='ltr'>Diatrib.</span> <span class='ocrx_word' id='word_1_67' title='bbox 798 1759 824 1811; x_wconf 91' lang='lat' dir='ltr'>in</span> <span class='ocrx_word' id='word_1_68' title='bbox 846 1759 922 1812; x_wconf 87' lang='lat' dir='ltr'>Statii</span> <span class='ocrx_word' id='word_1_69' title='bbox 936 1759 1036 1824; x_wconf 81' lang='lat' dir='ltr'>Silvas,</span> <span class='ocrx_word' id='word_1_70' title='bbox 1055 1781 1112 1832; x_wconf 86' lang='lat' dir='ltr'>cap.</span> <span class='ocrx_word' id='word_1_71' title='bbox 1130 1764 1177 1830; x_wconf 66' lang='grc' dir='ltr'>ιδ,</span> 
     </span>
     <span class='ocr_line' id='line_1_11' title="bbox 107 1835 1178 1906; baseline 0.003 -14"><span class='ocrx_word' id='word_1_72' title='bbox 107 1839 222 1892; x_wconf 87' lang='lat' dir='ltr'>retinere</span> <span class='ocrx_word' id='word_1_73' title='bbox 234 1838 413 1903; x_wconf 83' lang='lat' dir='ltr'>decrevimus,</span> <span class='ocrx_word' id='word_1_74' title='bbox 426 1856 477 1906; x_wconf 87' lang='lat' dir='ltr'>qua</span> <span class='ocrx_word' id='word_1_75' title='bbox 488 1836 553 1888; x_wconf 90' lang='lat' dir='ltr'>nihil</span> <span class='ocrx_word' id='word_1_76' title='bbox 565 1837 617 1889; x_wconf 91' lang='lat' dir='ltr'>cla·</span> <span class='ocrx_word' id='word_1_77' title='bbox 667 1836 798 1889; x_wconf 84' lang='lat' dir='ltr'>ominosas</span> <span class='ocrx_word' id='word_1_78' title='bbox 810 1854 864 1888; x_wconf 90' lang='lat' dir='ltr'>esse</span> <span class='ocrx_word' id='word_1_79' title='bbox 876 1835 1002 1906; x_wconf 83' lang='lat' dir='ltr'>lacrymas</span> <span class='ocrx_word' id='word_1_80' title='bbox 1014 1837 1088 1892; x_wconf 88' lang='lat' dir='ltr'>inter</span> <span class='ocrx_word' id='word_1_81' title='bbox 1096 1839 1178 1895; x_wconf 81' lang='lat' dir='ltr'>disce-</span> 
     </span>
     <span class='ocr_line' id='line_1_12' title="bbox 108 1913 1179 1984; baseline 0.007 -16"><span class='ocrx_word' id='word_1_82' title='bbox 108 1918 163 1969; x_wconf 88' lang='lat' dir='ltr'>rius</span> <span class='ocrx_word' id='word_1_83' title='bbox 172 1936 225 1968; x_wconf 86' lang='lat' dir='ltr'>esse</span> <span class='ocrx_word' id='word_1_84' title='bbox 234 1926 326 1984; x_wconf 87' lang='lat' dir='ltr'>potest.</span> <span class='ocrx_word' id='word_1_85' title='bbox 340 1915 424 1967; x_wconf 87' lang='lat' dir='ltr'>Moris</span> <span class='ocrx_word' id='word_1_86' title='bbox 432 1924 487 1967; x_wconf 88' lang='lat' dir='ltr'>erat</span> <span class='ocrx_word' id='word_1_87' title='bbox 500 1914 617 1978; x_wconf 80' lang='lat' dir='ltr'>tortasse,</span> <span class='ocrx_word' id='word_1_88' title='bbox 667 1914 760 1967; x_wconf 89' lang='lat' dir='ltr'>dentes</span> <span class='ocrx_word' id='word_1_89' title='bbox 775 1913 854 1978; x_wconf 89' lang='lat' dir='ltr'>dicit,</span> <span class='ocrx_word' id='word_1_90' title='bbox 870 1915 1014 1982; x_wconf 79' lang='lat' dir='ltr'>praesertim</span> <span class='ocrx_word' id='word_1_91' title='bbox 1026 1917 1049 1970; x_wconf 87' lang='lat' dir='ltr'>si</span> <span class='ocrx_word' id='word_1_92' title='bbox 1063 1918 1179 1975; x_wconf 84' lang='lat' dir='ltr'>nolenti·</span> 
     </span>
     <span class='ocr_line' id='line_1_13' title="bbox 108 1990 1177 2063; baseline 0.005 -15"><span class='ocrx_word' id='word_1_93' title='bbox 108 2006 138 2048; x_wconf 93' lang='lat' dir='ltr'>ut</span> <span class='ocrx_word' id='word_1_94' title='bbox 149 1994 217 2063; x_wconf 86' lang='lat' dir='ltr'>apud</span> <span class='ocrx_word' id='word_1_95' title='bbox 230 2013 278 2047; x_wconf 83' lang='lat' dir='ltr'>nos</span> <span class='ocrx_word' id='word_1_96' title='bbox 287 2035 294 2059; x_wconf 93' lang='lat'>,</span> <span class='ocrx_word' id='word_1_97' title='bbox 304 2013 384 2062; x_wconf 83' lang='lat' dir='ltr'>quum</span> <span class='ocrx_word' id='word_1_98' title='bbox 394 1991 576 2046; x_wconf 81' lang='lat' dir='ltr'>schedularum</span> <span class='ocrx_word' id='word_1_99' title='bbox 587 1992 618 2042; x_wconf 77' lang='lat' dir='ltr'>fit</span> <span class='ocrx_word' id='word_1_100' title='bbox 666 1993 715 2045; x_wconf 87' lang='lat' dir='ltr'>bus</span> <span class='ocrx_word' id='word_1_101' title='bbox 731 1990 849 2045; x_wconf 78' lang='lat' dir='ltr'>excidant</span> <span class='ocrx_word' id='word_1_102' title='bbox 860 2013 867 2056; x_wconf 89' lang='grc'>;</span> <span class='ocrx_word' id='word_1_103' title='bbox 888 1993 973 2061; x_wconf 86' lang='lat' dir='ltr'>itaque</span> <span class='ocrx_word' id='word_1_104' title='bbox 989 2007 1113 2050; x_wconf 88' lang='lat' dir='ltr'>mentem</span> <span class='ocrx_word' id='word_1_105' title='bbox 1127 1999 1177 2053; x_wconf 79' lang='lat' dir='ltr'>Ti-</span> 
     </span>
    </p>
   </div>
   <div class='ocr_carea' id='block_1_4' title="bbox 80 2069 627 3859">
    <p class='ocr_par' dir='ltr' id='par_1_7' title="bbox 80 2069 627 3859">
     <span class='ocr_line' id='line_1_14' title="bbox 107 2069 619 2139; baseline -0.01 -15"><span class='ocrx_word' id='word_1_106' title='bbox 107 2071 223 2136; x_wconf 87' lang='lat' dir='ltr'>sortitio,</span> <span class='ocrx_word' id='word_1_107' title='bbox 237 2082 267 2122; x_wconf 89' lang='lat' dir='ltr'>ut</span> <span class='ocrx_word' id='word_1_108' title='bbox 282 2090 394 2139; x_wconf 88' lang='lat' dir='ltr'>puerum</span> <span class='ocrx_word' id='word_1_109' title='bbox 407 2089 420 2121; x_wconf 92' lang='lat' dir='ltr'>e</span> <span class='ocrx_word' id='word_1_110' title='bbox 435 2069 517 2120; x_wconf 89' lang='lat' dir='ltr'>triviis</span> <span class='ocrx_word' id='word_1_111' title='bbox 533 2087 619 2119; x_wconf 89' lang='lat' dir='ltr'>arces·</span> 
     </span>
     <span class='ocr_line' id='line_1_15' title="bbox 107 2145 619 2215; baseline -0.014 -13"><span class='ocrx_word' id='word_1_112' title='bbox 107 2159 206 2213; x_wconf 87' lang='lat' dir='ltr'>serent,</span> <span class='ocrx_word' id='word_1_113' title='bbox 216 2149 260 2215; x_wconf 85' lang='lat' dir='ltr'>qui</span> <span class='ocrx_word' id='word_1_114' title='bbox 270 2145 394 2215; x_wconf 84' lang='lat' dir='ltr'>propositi</span> <span class='ocrx_word' id='word_1_115' title='bbox 404 2146 509 2214; x_wconf 75' lang='lat' dir='ltr'>ignarus</span> <span class='ocrx_word' id='word_1_116' title='bbox 522 2145 619 2211; x_wconf 76' lang='lat' dir='ltr'>sunge-</span> 
     </span>
     <span class='ocr_line' id='line_1_16' title="bbox 108 2221 615 2292; baseline -0.01 -13"><span class='ocrx_word' id='word_1_117' title='bbox 108 2228 186 2279; x_wconf 83' lang='lat' dir='ltr'>batur</span> <span class='ocrx_word' id='word_1_118' title='bbox 206 2225 295 2278; x_wconf 79' lang='lat' dir='ltr'>officio</span> <span class='ocrx_word' id='word_1_119' title='bbox 315 2226 410 2292; x_wconf 86' lang='lat' dir='ltr'>absque</span> <span class='ocrx_word' id='word_1_120' title='bbox 434 2222 485 2276; x_wconf 87' lang='lat' dir='ltr'>ulla</span> <span class='ocrx_word' id='word_1_121' title='bbox 507 2221 615 2274; x_wconf 82' lang='lat' dir='ltr'>fraude:</span> 
     </span>
     <span class='ocr_line' id='line_1_17' title="bbox 109 2303 618 2372; baseline -0.01 -14"><span class='ocrx_word' id='word_1_122' title='bbox 109 2327 122 2351; x_wconf 76' lang='grc' dir='ltr'>κ</span> <span class='ocrx_word' id='word_1_123' title='bbox 136 2306 183 2358; x_wconf 88' lang='lat' dir='ltr'>Illa</span> <span class='ocrx_word' id='word_1_124' title='bbox 196 2324 280 2359; x_wconf 89' lang='lat' dir='ltr'>sacras</span> <span class='ocrx_word' id='word_1_125' title='bbox 294 2303 369 2372; x_wconf 90' lang='lat' dir='ltr'>pueri</span> <span class='ocrx_word' id='word_1_126' title='bbox 382 2313 464 2357; x_wconf 83' lang='lat' dir='ltr'>sortes</span> <span class='ocrx_word' id='word_1_127' title='bbox 478 2314 518 2355; x_wconf 90' lang='lat' dir='ltr'>ter</span> <span class='ocrx_word' id='word_1_128' title='bbox 531 2311 618 2356; x_wconf 89' lang='lat' dir='ltr'>sustu-</span> 
     </span>
     <span class='ocr_line' id='line_1_18' title="bbox 107 2383 616 2452; baseline -0.008 -14"><span class='ocrx_word' id='word_1_129' title='bbox 107 2385 136 2438; x_wconf 89' lang='lat' dir='ltr'>lit</span> <span class='ocrx_word' id='word_1_130' title='bbox 146 2426 153 2450; x_wconf 91' lang='lat'>,</span> <span class='ocrx_word' id='word_1_131' title='bbox 163 2409 175 2431; x_wconf 74' lang='lat' dir='ltr'>r·</span> <span class='ocrx_word' id='word_1_132' title='bbox 189 2385 260 2439; x_wconf 89' lang='lat' dir='ltr'>idem</span> <span class='ocrx_word' id='word_1_133' title='bbox 272 2395 323 2449; x_wconf 87' lang='lat' dir='ltr'>est,</span> <span class='ocrx_word' id='word_1_134' title='bbox 339 2404 368 2437; x_wconf 91' lang='lat' dir='ltr'>ac</span> <span class='ocrx_word' id='word_1_135' title='bbox 379 2385 400 2436; x_wconf 93' lang='lat' dir='ltr'>si</span> <span class='ocrx_word' id='word_1_136' title='bbox 411 2394 488 2452; x_wconf 86' lang='lat' dir='ltr'>poeta</span> <span class='ocrx_word' id='word_1_137' title='bbox 498 2383 616 2442; x_wconf 63' lang='lat' dir='ltr'>dixissen</span> 
     </span>
     <span class='ocr_line' id='line_1_19' title="bbox 108 2459 620 2534; baseline -0.014 -17"><span class='ocrx_word' id='word_1_138' title='bbox 108 2464 155 2517; x_wconf 87' lang='lat' dir='ltr'>llla</span> <span class='ocrx_word' id='word_1_139' title='bbox 160 2482 274 2534; x_wconf 86' lang='lat' dir='ltr'>puerum</span> <span class='ocrx_word' id='word_1_140' title='bbox 281 2463 366 2531; x_wconf 85' lang='lat' dir='ltr'>jussit,</span> <span class='ocrx_word' id='word_1_141' title='bbox 374 2473 401 2515; x_wconf 91' lang='lat' dir='ltr'>ut</span> <span class='ocrx_word' id='word_1_142' title='bbox 411 2462 576 2514; x_wconf 87' lang='lat' dir='ltr'>sortitionem</span> <span class='ocrx_word' id='word_1_143' title='bbox 586 2459 620 2511; x_wconf 81' lang='lat' dir='ltr'>la·</span> 
     </span>
     <span class='ocr_line' id='line_1_20' title="bbox 110 2538 621 2610; baseline -0.014 -15"><span class='ocrx_word' id='word_1_144' title='bbox 110 2538 545 2610; x_wconf 82' lang='lat' dir='ltr'>rerettriplicem;qunsarta,idem</span> <span class='ocrx_word' id='word_1_145' title='bbox 554 2556 621 2607; x_wconf 85' lang='lat' dir='ltr'>puer</span> 
     </span>
     <span class='ocr_line' id='line_1_21' title="bbox 112 2618 621 2686; baseline -0.014 -11"><span class='ocrx_word' id='word_1_146' title='bbox 112 2622 201 2675; x_wconf 85' lang='lat' dir='ltr'>omina</span> <span class='ocrx_word' id='word_1_147' title='bbox 216 2619 305 2674; x_wconf 86' lang='lat' dir='ltr'>retulit</span> <span class='ocrx_word' id='word_1_148' title='bbox 316 2630 396 2673; x_wconf 86' lang='lat' dir='ltr'>certa.</span> <span class='ocrx_word' id='word_1_149' title='bbox 409 2618 446 2670; x_wconf 82' lang='lat' dir='ltr'>Ar</span> <span class='ocrx_word' id='word_1_150' title='bbox 457 2620 531 2671; x_wconf 85' lang='lat' dir='ltr'>Voss.</span> <span class='ocrx_word' id='word_1_151' title='bbox 542 2627 621 2686; x_wconf 78' lang='lat' dir='ltr'>negat</span> 
     </span>
     <span class='ocr_line' id='line_1_22' title="bbox 112 2694 621 2752; baseline -0.016 0"><span class='ocrx_word' id='word_1_152' title='bbox 112 2698 184 2752; x_wconf 88' lang='lat' dir='ltr'>hunc</span> <span class='ocrx_word' id='word_1_153' title='bbox 198 2715 305 2750; x_wconf 83' lang='lat' dir='ltr'>sensum</span> <span class='ocrx_word' id='word_1_154' title='bbox 322 2695 440 2750; x_wconf 89' lang='lat' dir='ltr'>sermoni</span> <span class='ocrx_word' id='word_1_155' title='bbox 456 2694 536 2746; x_wconf 85' lang='lat' dir='ltr'>latino</span> <span class='ocrx_word' id='word_1_156' title='bbox 550 2712 621 2746; x_wconf 90' lang='lat' dir='ltr'>con-</span> 
     </span>
     <span class='ocr_line' id='line_1_23' title="bbox 111 2765 622 2829; baseline -0.016 0"><span class='ocrx_word' id='word_1_157' title='bbox 111 2786 269 2829; x_wconf 84' lang='lat' dir='ltr'>sentaneum</span> <span class='ocrx_word' id='word_1_158' title='bbox 284 2792 348 2826; x_wconf 87' lang='lat' dir='ltr'>esse.</span> <span class='ocrx_word' id='word_1_159' title='bbox 360 2765 473 2824; x_wconf 68' lang='lat' dir='ltr'>&#39;Ennius</span> <span class='ocrx_word' id='word_1_160' title='bbox 489 2772 563 2824; x_wconf 89' lang='lat' dir='ltr'>nobis</span> <span class='ocrx_word' id='word_1_161' title='bbox 576 2769 622 2822; x_wconf 88' lang='lat' dir='ltr'>ad-</span> 
     </span>
     <span class='ocr_line' id='line_1_24' title="bbox 113 2849 623 2915; baseline -0.006 -10"><span class='ocrx_word' id='word_1_162' title='bbox 113 2863 151 2906; x_wconf 85' lang='lat' dir='ltr'>est</span> <span class='ocrx_word' id='word_1_163' title='bbox 160 2873 166 2914; x_wconf 86' lang='lat'>;</span> <span class='ocrx_word' id='word_1_164' title='bbox 175 2853 196 2903; x_wconf 90' lang='lat' dir='ltr'>is</span> <span class='ocrx_word' id='word_1_165' title='bbox 204 2851 275 2904; x_wconf 90' lang='lat' dir='ltr'>euim</span> <span class='ocrx_word' id='word_1_166' title='bbox 283 2849 363 2902; x_wconf 78' lang='lat' dir='ltr'>dixit:</span> <span class='ocrx_word' id='word_1_167' title='bbox 376 2851 480 2901; x_wconf 84' lang='lat' dir='ltr'>decr&#39;rco</span> <span class='ocrx_word' id='word_1_168' title='bbox 489 2851 623 2915; x_wconf 65' lang='lat' dir='ltr'>Astrologi.</span> 
     </span>
     <span class='ocr_line' id='line_1_25' title="bbox 115 2924 624 2996; baseline -0.01 -14"><span class='ocrx_word' id='word_1_169' title='bbox 115 2928 235 2982; x_wconf 87' lang='lat' dir='ltr'>Catullus</span> <span class='ocrx_word' id='word_1_170' title='bbox 244 2945 358 2996; x_wconf 90' lang='lat' dir='ltr'>quoque,</span> <span class='ocrx_word' id='word_1_171' title='bbox 369 2924 456 2987; x_wconf 85' lang='lat' dir='ltr'>XXV,</span> <span class='ocrx_word' id='word_1_172' title='bbox 465 2944 501 2976; x_wconf 83' lang='lat' dir='ltr'>vs.</span> <span class='ocrx_word' id='word_1_173' title='bbox 511 2928 574 2978; x_wconf 76' lang='lat' dir='ltr'>Stde</span> <span class='ocrx_word' id='word_1_174' title='bbox 582 2930 624 2977; x_wconf 79' lang='lat' dir='ltr'>oia</span> 
     </span>
     <span class='ocr_line' id='line_1_26' title="bbox 114 3003 624 3075; baseline -0.008 -14"><span class='ocrx_word' id='word_1_175' title='bbox 114 3009 252 3061; x_wconf 75' lang='lat' dir='ltr'>mulr&#39;errin</span> <span class='ocrx_word' id='word_1_176' title='bbox 260 3006 447 3075; x_wconf 79' lang='lat' dir='ltr'>epigrammate</span> <span class='ocrx_word' id='word_1_177' title='bbox 455 3003 584 3056; x_wconf 83' lang='lat' dir='ltr'>Stratonis</span> <span class='ocrx_word' id='word_1_178' title='bbox 592 3005 624 3057; x_wconf 88' lang='lat' dir='ltr'>le·</span> 
     </span>
     <span class='ocr_line' id='line_1_27' title="bbox 115 3082 623 3157; baseline -0.008 -19"><span class='ocrx_word' id='word_1_179' title='bbox 115 3082 623 3157; x_wconf 62' lang='lat' dir='ltr'>giturtesudr&#39;svifdyite;.Vulpius,quod</span> 
     </span>
     <span class='ocr_line' id='line_1_28' title="bbox 118 3161 624 3236; baseline -0.008 -17"><span class='ocrx_word' id='word_1_180' title='bbox 118 3167 150 3219; x_wconf 85' lang='lat' dir='ltr'>ad</span> <span class='ocrx_word' id='word_1_181' title='bbox 159 3165 301 3236; x_wconf 78' lang='lat' dir='ltr'>genuinam</span> <span class='ocrx_word' id='word_1_182' title='bbox 311 3164 449 3216; x_wconf 88' lang='lat' dir='ltr'>lectionem</span> <span class='ocrx_word' id='word_1_183' title='bbox 460 3161 566 3228; x_wconf 85' lang='lat' dir='ltr'>attinet,</span> <span class='ocrx_word' id='word_1_184' title='bbox 575 3182 624 3215; x_wconf 91' lang='lat' dir='ltr'>no-</span> 
     </span>
     <span class='ocr_line' id='line_1_29' title="bbox 119 3242 625 3309; baseline -0.006 -10"><span class='ocrx_word' id='word_1_185' title='bbox 119 3247 158 3299; x_wconf 89' lang='lat' dir='ltr'>bis</span> <span class='ocrx_word' id='word_1_186' title='bbox 169 3242 315 3305; x_wconf 59' lang='lat' dir='ltr'>consentin</span> <span class='ocrx_word' id='word_1_187' title='bbox 329 3260 435 3294; x_wconf 87' lang='lat' dir='ltr'>sensum</span> <span class='ocrx_word' id='word_1_188' title='bbox 448 3259 510 3294; x_wconf 83' lang='lat' dir='ltr'>vero</span> <span class='ocrx_word' id='word_1_189' title='bbox 522 3250 625 3309; x_wconf 87' lang='lat' dir='ltr'>torquet</span> 
     </span>
     <span class='ocr_line' id='line_1_30' title="bbox 119 3319 626 3389; baseline -0.008 -12"><span class='ocrx_word' id='word_1_190' title='bbox 119 3326 170 3378; x_wconf 84' lang='lat' dir='ltr'>hoc</span> <span class='ocrx_word' id='word_1_191' title='bbox 180 3321 261 3375; x_wconf 89' lang='lat' dir='ltr'>modo</span> <span class='ocrx_word' id='word_1_192' title='bbox 269 3340 275 3373; x_wconf 93' lang='lat'>:</span> <span class='ocrx_word' id='word_1_193' title='bbox 284 3342 296 3366; x_wconf 77' lang='grc' dir='ltr'>ι</span> <span class='ocrx_word' id='word_1_194' title='bbox 306 3321 377 3374; x_wconf 87' lang='lat' dir='ltr'>Puer</span> <span class='ocrx_word' id='word_1_195' title='bbox 385 3319 475 3388; x_wconf 86' lang='lat' dir='ltr'>aliquis</span> <span class='ocrx_word' id='word_1_196' title='bbox 485 3338 544 3372; x_wconf 87' lang='lat' dir='ltr'>casu</span> <span class='ocrx_word' id='word_1_197' title='bbox 559 3338 626 3389; x_wconf 77' lang='lat' dir='ltr'>prve-</span> 
     </span>
     <span class='ocr_line' id='line_1_31' title="bbox 118 3399 625 3470; baseline -0.008 -12"><span class='ocrx_word' id='word_1_198' title='bbox 118 3404 216 3458; x_wconf 86' lang='lat' dir='ltr'>teriens</span> <span class='ocrx_word' id='word_1_199' title='bbox 233 3420 324 3454; x_wconf 80' lang='lat' dir='ltr'>vocem</span> <span class='ocrx_word' id='word_1_200' title='bbox 340 3399 408 3453; x_wconf 89' lang='lat' dir='ltr'>misit</span> <span class='ocrx_word' id='word_1_201' title='bbox 423 3400 512 3453; x_wconf 84' lang='lat' dir='ltr'>laustae</span> <span class='ocrx_word' id='word_1_202' title='bbox 526 3400 625 3470; x_wconf 78' lang='lat' dir='ltr'>signifi·</span> 
     </span>
     <span class='ocr_line' id='line_1_32' title="bbox 80 3478 625 3547; baseline -0.004 -13"><span class='ocrx_word' id='word_1_203' title='bbox 80 3528 86 3539; x_wconf 82' lang='lat'>,</span> <span class='ocrx_word' id='word_1_204' title='bbox 120 3480 237 3534; x_wconf 85' lang='lat' dir='ltr'>cationis.</span> <span class='ocrx_word' id='word_1_205' title='bbox 245 3501 258 3525; x_wconf 69' lang='grc' dir='ltr'>ι</span> <span class='ocrx_word' id='word_1_206' title='bbox 272 3478 347 3532; x_wconf 90' lang='lat' dir='ltr'>ldem</span> <span class='ocrx_word' id='word_1_207' title='bbox 358 3478 385 3531; x_wconf 86' lang='lat' dir='ltr'>S.</span> <span class='ocrx_word' id='word_1_208' title='bbox 395 3479 569 3547; x_wconf 81' lang='lat' dir='ltr'>Augustinum</span> <span class='ocrx_word' id='word_1_209' title='bbox 578 3478 625 3532; x_wconf 90' lang='lat' dir='ltr'>sibi</span> 
     </span>
     <span class='ocr_line' id='line_1_33' title="bbox 121 3555 627 3626; baseline 0 -17"><span class='ocrx_word' id='word_1_210' title='bbox 121 3576 199 3626; x_wconf 82' lang='lat' dir='ltr'>opem</span> <span class='ocrx_word' id='word_1_211' title='bbox 212 3558 325 3610; x_wconf 84' lang='lat' dir='ltr'>latorum</span> <span class='ocrx_word' id='word_1_212' title='bbox 338 3555 458 3620; x_wconf 83' lang='lat' dir='ltr'>advocat,</span> <span class='ocrx_word' id='word_1_213' title='bbox 474 3557 518 3625; x_wconf 90' lang='lat' dir='ltr'>qui</span> <span class='ocrx_word' id='word_1_214' title='bbox 534 3557 566 3609; x_wconf 90' lang='lat' dir='ltr'>de</span> <span class='ocrx_word' id='word_1_215' title='bbox 581 3576 627 3610; x_wconf 86' lang='lat' dir='ltr'>ve-</span> 
     </span>
     <span class='ocr_line' id='line_1_34' title="bbox 122 3633 625 3705; baseline -0.002 -16"><span class='ocrx_word' id='word_1_216' title='bbox 122 3646 175 3689; x_wconf 88' lang='lat' dir='ltr'>tere</span> <span class='ocrx_word' id='word_1_217' title='bbox 185 3634 267 3689; x_wconf 77' lang='lat' dir='ltr'>refert</span> <span class='ocrx_word' id='word_1_218' title='bbox 277 3634 469 3705; x_wconf 84' lang='lat' dir='ltr'>superstitione,</span> <span class='ocrx_word' id='word_1_219' title='bbox 480 3633 625 3688; x_wconf 88' lang='lat' dir='ltr'>secundum</span> 
     </span>
     <span class='ocr_line' id='line_1_35' title="bbox 122 3716 626 3786; baseline 0.004 -18"><span class='ocrx_word' id='word_1_220' title='bbox 122 3738 200 3786; x_wconf 85' lang='lat' dir='ltr'>quam</span> <span class='ocrx_word' id='word_1_221' title='bbox 218 3737 298 3786; x_wconf 86' lang='lat' dir='ltr'>puer,</span> <span class='ocrx_word' id='word_1_222' title='bbox 321 3717 341 3770; x_wconf 93' lang='lat' dir='ltr'>si</span> <span class='ocrx_word' id='word_1_223' title='bbox 355 3716 456 3769; x_wconf 89' lang='lat' dir='ltr'>medius</span> <span class='ocrx_word' id='word_1_224' title='bbox 476 3716 545 3769; x_wconf 90' lang='lat' dir='ltr'>inter</span> <span class='ocrx_word' id='word_1_225' title='bbox 562 3717 626 3770; x_wconf 91' lang='lat' dir='ltr'>duos</span> 
     </span>
     <span class='ocr_line' id='line_1_36' title="bbox 122 3791 626 3859; baseline -0.002 -14"><span class='ocrx_word' id='word_1_226' title='bbox 122 3793 217 3846; x_wconf 85' lang='lat' dir='ltr'>amicos</span> <span class='ocrx_word' id='word_1_227' title='bbox 233 3803 367 3859; x_wconf 85' lang='lat' dir='ltr'>curreret,</span> <span class='ocrx_word' id='word_1_228' title='bbox 388 3791 507 3845; x_wconf 73' lang='lat' dir='ltr'>amicitie</span> <span class='ocrx_word' id='word_1_229' title='bbox 530 3812 626 3845; x_wconf 82' lang='lat' dir='ltr'>nexum</span> 
     </span>
    </p>
   </div>
   <div class='ocr_carea' id='block_1_5' title="bbox 666 2069 1182 3874">
    <p class='ocr_par' dir='ltr' id='par_1_8' title="bbox 666 2069 1182 3874">
     <span class='ocr_line' id='line_1_37' title="bbox 667 2069 1179 2146; baseline 0.021 -26"><span class='ocrx_word' id='word_1_230' title='bbox 667 2069 731 2121; x_wconf 90' lang='lat' dir='ltr'>hulli</span> <span class='ocrx_word' id='word_1_231' title='bbox 739 2069 775 2122; x_wconf 89' lang='lat' dir='ltr'>sic</span> <span class='ocrx_word' id='word_1_232' title='bbox 784 2070 867 2138; x_wconf 87' lang='lat' dir='ltr'>aperit</span> <span class='ocrx_word' id='word_1_233' title='bbox 875 2090 881 2123; x_wconf 93' lang='lat'>:</span> <span class='ocrx_word' id='word_1_234' title='bbox 889 2093 902 2116; x_wconf 86' lang='lat'>«</span> <span class='ocrx_word' id='word_1_235' title='bbox 912 2069 1017 2126; x_wconf 88' lang='lat' dir='ltr'>Tamen</span> <span class='ocrx_word' id='word_1_236' title='bbox 1031 2094 1087 2129; x_wconf 86' lang='lat' dir='ltr'>non</span> <span class='ocrx_word' id='word_1_237' title='bbox 1097 2078 1179 2146; x_wconf 89' lang='lat' dir='ltr'>potuit</span> 
     </span>
     <span class='ocr_line' id='line_1_38' title="bbox 666 2147 1178 2217; baseline 0.02 -17"><span class='ocrx_word' id='word_1_238' title='bbox 666 2167 693 2200; x_wconf 87' lang='lat' dir='ltr'>se</span> <span class='ocrx_word' id='word_1_239' title='bbox 703 2156 775 2199; x_wconf 88' lang='lat' dir='ltr'>metu</span> <span class='ocrx_word' id='word_1_240' title='bbox 788 2147 849 2199; x_wconf 88' lang='lat' dir='ltr'>mali</span> <span class='ocrx_word' id='word_1_241' title='bbox 861 2150 1013 2217; x_wconf 86' lang='lat' dir='ltr'>continere,</span> <span class='ocrx_word' id='word_1_242' title='bbox 1027 2163 1058 2206; x_wconf 92' lang='lat' dir='ltr'>ut</span> <span class='ocrx_word' id='word_1_243' title='bbox 1069 2172 1126 2208; x_wconf 88' lang='lat' dir='ltr'>nou</span> <span class='ocrx_word' id='word_1_244' title='bbox 1134 2155 1178 2209; x_wconf 82' lang='lat' dir='ltr'>tte·</span> 
     </span>
     <span class='ocr_line' id='line_1_39' title="bbox 667 2225 1177 2293; baseline 0.016 -17"><span class='ocrx_word' id='word_1_245' title='bbox 667 2236 717 2289; x_wconf 88' lang='lat' dir='ltr'>ret,</span> <span class='ocrx_word' id='word_1_246' title='bbox 725 2235 751 2276; x_wconf 85' lang='lat' dir='ltr'>et</span> <span class='ocrx_word' id='word_1_247' title='bbox 760 2242 826 2293; x_wconf 81' lang='lat' dir='ltr'>saepe</span> <span class='ocrx_word' id='word_1_248' title='bbox 839 2225 993 2292; x_wconf 85' lang='lat' dir='ltr'>respiceret;</span> <span class='ocrx_word' id='word_1_249' title='bbox 1004 2247 1067 2282; x_wconf 82' lang='lat' dir='ltr'>narn</span> <span class='ocrx_word' id='word_1_250' title='bbox 1077 2240 1177 2284; x_wconf 86' lang='lat' dir='ltr'>utrum·</span> 
     </span>
     <span class='ocr_line' id='line_1_40' title="bbox 669 2303 1177 2379; baseline 0.02 -26"><span class='ocrx_word' id='word_1_251' title='bbox 669 2322 718 2371; x_wconf 89' lang='lat' dir='ltr'>que</span> <span class='ocrx_word' id='word_1_252' title='bbox 734 2303 829 2354; x_wconf 87' lang='lat' dir='ltr'>ominis</span> <span class='ocrx_word' id='word_1_253' title='bbox 847 2303 934 2355; x_wconf 89' lang='lat' dir='ltr'>minus</span> <span class='ocrx_word' id='word_1_254' title='bbox 948 2305 1058 2359; x_wconf 77' lang='lat' dir='ltr'>secundi</span> <span class='ocrx_word' id='word_1_255' title='bbox 1071 2326 1079 2361; x_wconf 76' lang='lat' dir='ltr'>r</span> <span class='ocrx_word' id='word_1_256' title='bbox 1093 2307 1177 2379; x_wconf 83' lang='lat' dir='ltr'>itaque</span> 
     </span>
     <span class='ocr_line' id='line_1_41' title="bbox 669 2380 1176 2453; baseline 0.024 -22"><span class='ocrx_word' id='word_1_257' title='bbox 669 2380 917 2445; x_wconf 84' lang='lat' dir='ltr'>vereri,etbacrura</span> <span class='ocrx_word' id='word_1_258' title='bbox 926 2383 1030 2436; x_wconf 86' lang='lat' dir='ltr'>moneri</span> <span class='ocrx_word' id='word_1_259' title='bbox 1038 2384 1176 2453; x_wconf 85' lang='lat' dir='ltr'>debuisset,</span> 
     </span>
     <span class='ocr_line' id='line_1_42' title="bbox 668 2459 1176 2536; baseline 0.018 -26"><span class='ocrx_word' id='word_1_260' title='bbox 668 2477 702 2510; x_wconf 89' lang='lat' dir='ltr'>ne</span> <span class='ocrx_word' id='word_1_261' title='bbox 716 2469 756 2511; x_wconf 91' lang='lat' dir='ltr'>tot</span> <span class='ocrx_word' id='word_1_262' title='bbox 769 2459 843 2510; x_wconf 78' lang='lat' dir='ltr'>honis</span> <span class='ocrx_word' id='word_1_263' title='bbox 858 2459 936 2528; x_wconf 78' lang='lat' dir='ltr'>siguis</span> <span class='ocrx_word' id='word_1_264' title='bbox 952 2461 1026 2514; x_wconf 90' lang='lat' dir='ltr'>triste</span> <span class='ocrx_word' id='word_1_265' title='bbox 1045 2463 1176 2536; x_wconf 79' lang='lat' dir='ltr'>quidpiam</span> 
     </span>
     <span class='ocr_line' id='line_1_43' title="bbox 669 2537 1177 2600; baseline 0.022 -10"><span class='ocrx_word' id='word_1_266' title='bbox 669 2537 796 2591; x_wconf 87' lang='lat' dir='ltr'>misceret.</span> <span class='ocrx_word' id='word_1_267' title='bbox 812 2561 824 2584; x_wconf 77' lang='lat' dir='ltr'>u</span> <span class='ocrx_word' id='word_1_268' title='bbox 839 2540 876 2591; x_wconf 89' lang='lat' dir='ltr'>H.</span> <span class='ocrx_word' id='word_1_269' title='bbox 891 2539 965 2593; x_wconf 89' lang='lat' dir='ltr'>Voss.</span> <span class='ocrx_word' id='word_1_270' title='bbox 983 2542 1125 2599; x_wconf 80' lang='lat' dir='ltr'>Passeratii</span> <span class='ocrx_word' id='word_1_271' title='bbox 1138 2546 1177 2600; x_wconf 91' lang='lat' dir='ltr'>le-</span> 
     </span>
     <span class='ocr_line' id='line_1_44' title="bbox 669 2618 1178 2687; baseline 0.022 -17"><span class='ocrx_word' id='word_1_272' title='bbox 669 2619 785 2671; x_wconf 78' lang='lat' dir='ltr'>ctionem</span> <span class='ocrx_word' id='word_1_273' title='bbox 802 2618 933 2687; x_wconf 84' lang='lat' dir='ltr'>amplexus</span> <span class='ocrx_word' id='word_1_274' title='bbox 952 2631 999 2673; x_wconf 83' lang='lat' dir='ltr'>est.</span> <span class='ocrx_word' id='word_1_275' title='bbox 1017 2621 1178 2680; x_wconf 75' lang='lat' dir='ltr'>Broucklsu-</span> 
     </span>
     <span class='ocr_line' id='line_1_45' title="bbox 669 2695 1178 2755; baseline 0.016 -7"><span class='ocrx_word' id='word_1_276' title='bbox 669 2696 720 2748; x_wconf 86' lang='lat' dir='ltr'>sius</span> <span class='ocrx_word' id='word_1_277' title='bbox 733 2715 795 2747; x_wconf 84' lang='lat' dir='ltr'>vero</span> <span class='ocrx_word' id='word_1_278' title='bbox 807 2695 878 2748; x_wconf 85' lang='lat' dir='ltr'>verbi</span> <span class='ocrx_word' id='word_1_279' title='bbox 890 2697 1010 2748; x_wconf 78' lang='lat' dir='ltr'>deterrere</span> <span class='ocrx_word' id='word_1_280' title='bbox 1022 2717 1133 2755; x_wconf 88' lang='lat' dir='ltr'>sensum</span> <span class='ocrx_word' id='word_1_281' title='bbox 1143 2703 1178 2755; x_wconf 85' lang='lat' dir='ltr'>in·</span> 
     </span>
     <span class='ocr_line' id='line_1_46' title="bbox 671 2772 1178 2846; baseline 0.02 -22"><span class='ocrx_word' id='word_1_282' title='bbox 671 2772 780 2836; x_wconf 78' lang='lat' dir='ltr'>dicavit,</span> <span class='ocrx_word' id='word_1_283' title='bbox 801 2784 870 2826; x_wconf 83' lang='lat' dir='ltr'>recte</span> <span class='ocrx_word' id='word_1_284' title='bbox 887 2772 960 2826; x_wconf 88' lang='lat' dir='ltr'>enim</span> <span class='ocrx_word' id='word_1_285' title='bbox 979 2777 1110 2846; x_wconf 88' lang='lat' dir='ltr'>monuit,</span> <span class='ocrx_word' id='word_1_286' title='bbox 1131 2780 1178 2834; x_wconf 89' lang='lat' dir='ltr'>ali·</span> 
     </span>
     <span class='ocr_line' id='line_1_47' title="bbox 672 2852 1177 2932; baseline 0.022 -28"><span class='ocrx_word' id='word_1_287' title='bbox 672 2852 778 2923; x_wconf 88' lang='lat' dir='ltr'>quando</span> <span class='ocrx_word' id='word_1_288' title='bbox 796 2853 845 2906; x_wconf 88' lang='lat' dir='ltr'>hoc</span> <span class='ocrx_word' id='word_1_289' title='bbox 861 2853 972 2906; x_wconf 84' lang='lat' dir='ltr'>verbum</span> <span class='ocrx_word' id='word_1_290' title='bbox 987 2855 1061 2911; x_wconf 90' lang='lat' dir='ltr'>idem</span> <span class='ocrx_word' id='word_1_291' title='bbox 1076 2860 1177 2932; x_wconf 72' lang='lat' dir='ltr'>signifi·</span> 
     </span>
     <span class='ocr_line' id='line_1_48' title="bbox 671 2930 1178 3000; baseline 0.002 -16"><span class='ocrx_word' id='word_1_292' title='bbox 671 2951 729 2984; x_wconf 83' lang='lat' dir='ltr'>care</span> <span class='ocrx_word' id='word_1_293' title='bbox 748 2930 817 3000; x_wconf 92' lang='lat' dir='ltr'>quod</span> <span class='ocrx_word' id='word_1_294' title='bbox 831 2936 907 2984; x_wconf 76' lang='lat' dir='ltr'>alr&#39;ter</span> <span class='ocrx_word' id='word_1_295' title='bbox 912 2937 1066 2999; x_wconf 75' lang='lat' dir='ltr'>persuadere</span> <span class='ocrx_word' id='word_1_296' title='bbox 1081 2958 1088 2992; x_wconf 85' lang='lat'>:</span> <span class='ocrx_word' id='word_1_297' title='bbox 1104 2960 1119 2985; x_wconf 78' lang='lat' dir='ltr'>u</span> <span class='ocrx_word' id='word_1_298' title='bbox 1131 2938 1178 2993; x_wconf 80' lang='lat' dir='ltr'>ln-</span> 
     </span>
     <span class='ocr_line' id='line_1_49' title="bbox 672 3009 1180 3086; baseline 0.014 -24"><span class='ocrx_word' id='word_1_299' title='bbox 672 3009 777 3062; x_wconf 87' lang='lat' dir='ltr'>terdum</span> <span class='ocrx_word' id='word_1_300' title='bbox 800 3011 907 3078; x_wconf 90' lang='lat' dir='ltr'>ponitur</span> <span class='ocrx_word' id='word_1_301' title='bbox 930 3030 979 3079; x_wconf 92' lang='lat' dir='ltr'>pro</span> <span class='ocrx_word' id='word_1_302' title='bbox 1000 3033 1033 3068; x_wconf 89' lang='lat' dir='ltr'>eo</span> <span class='ocrx_word' id='word_1_303' title='bbox 1054 3016 1129 3086; x_wconf 85' lang='lat' dir='ltr'>quod</span> <span class='ocrx_word' id='word_1_304' title='bbox 1146 3027 1180 3071; x_wconf 89' lang='lat' dir='ltr'>est</span> 
     </span>
     <span class='ocr_line' id='line_1_50' title="bbox 673 3087 1181 3156; baseline 0.024 -17"><span class='ocrx_word' id='word_1_305' title='bbox 673 3087 825 3153; x_wconf 87' lang='lat' dir='ltr'>dehortari,</span> <span class='ocrx_word' id='word_1_306' title='bbox 846 3088 1016 3156; x_wconf 83' lang='lat' dir='ltr'>dissuadere,</span> <span class='ocrx_word' id='word_1_307' title='bbox 1038 3095 1181 3150; x_wconf 79' lang='lat' dir='ltr'>rationibus</span> 
     </span>
     <span class='ocr_line' id='line_1_51' title="bbox 672 3166 1181 3230; baseline 0.016 -11"><span class='ocrx_word' id='word_1_308' title='bbox 672 3166 818 3230; x_wconf 82' lang='lat' dir='ltr'>adducere,</span> <span class='ocrx_word' id='word_1_309' title='bbox 833 3176 862 3218; x_wconf 93' lang='lat' dir='ltr'>ut</span> <span class='ocrx_word' id='word_1_310' title='bbox 884 3166 933 3220; x_wconf 88' lang='lat' dir='ltr'>hoc</span> <span class='ocrx_word' id='word_1_311' title='bbox 949 3178 993 3220; x_wconf 88' lang='lat' dir='ltr'>aut</span> <span class='ocrx_word' id='word_1_312' title='bbox 1013 3169 1080 3224; x_wconf 89' lang='lat' dir='ltr'>illud</span> <span class='ocrx_word' id='word_1_313' title='bbox 1094 3193 1130 3228; x_wconf 88' lang='lat' dir='ltr'>ne</span> <span class='ocrx_word' id='word_1_314' title='bbox 1146 3173 1181 3227; x_wconf 83' lang='lat' dir='ltr'>la·</span> 
     </span>
     <span class='ocr_line' id='line_1_52' title="bbox 671 3244 1178 3323; baseline 0.02 -25"><span class='ocrx_word' id='word_1_315' title='bbox 671 3245 728 3298; x_wconf 84' lang='lat' dir='ltr'>cias.</span> <span class='ocrx_word' id='word_1_316' title='bbox 742 3268 755 3291; x_wconf 67' lang='grc' dir='ltr'>ι»</span> <span class='ocrx_word' id='word_1_317' title='bbox 767 3245 893 3311; x_wconf 87' lang='lat' dir='ltr'>Plautus,</span> <span class='ocrx_word' id='word_1_318' title='bbox 916 3244 943 3299; x_wconf 87' lang='lat' dir='ltr'>in</span> <span class='ocrx_word' id='word_1_319' title='bbox 956 3245 1064 3323; x_wconf 77' lang='lat' dir='ltr'>Milite,</span> <span class='ocrx_word' id='word_1_320' title='bbox 1078 3263 1128 3307; x_wconf 75' lang='lat' dir='ltr'>act</span> <span class='ocrx_word' id='word_1_321' title='bbox 1140 3253 1178 3319; x_wconf 79' lang='lat' dir='ltr'>ll,</span> 
     </span>
     <span class='ocr_line' id='line_1_53' title="bbox 672 3324 1181 3389; baseline 0.02 -12"><span class='ocrx_word' id='word_1_322' title='bbox 672 3343 741 3377; x_wconf 89' lang='lat' dir='ltr'>scen.</span> <span class='ocrx_word' id='word_1_323' title='bbox 752 3340 800 3389; x_wconf 87' lang='lat'>111,</span> <span class='ocrx_word' id='word_1_324' title='bbox 816 3344 880 3376; x_wconf 87' lang='lat' dir='ltr'>vers.</span> <span class='ocrx_word' id='word_1_325' title='bbox 890 3324 920 3378; x_wconf 79' lang='lat'>61</span> <span class='ocrx_word' id='word_1_326' title='bbox 934 3343 940 3377; x_wconf 92' lang='lat'>:</span> <span class='ocrx_word' id='word_1_327' title='bbox 952 3346 965 3371; x_wconf 71' lang='grc' dir='ltr'><em>α</em></span> <span class='ocrx_word' id='word_1_328' title='bbox 980 3325 1029 3380; x_wconf 87' lang='lat' dir='ltr'>Me</span> <span class='ocrx_word' id='word_1_329' title='bbox 1044 3328 1130 3385; x_wconf 83' lang='lat' dir='ltr'>homo</span> <span class='ocrx_word' id='word_1_330' title='bbox 1140 3351 1181 3386; x_wconf 87' lang='lat' dir='ltr'>ne-</span> 
     </span>
     <span class='ocr_line' id='line_1_54' title="bbox 674 3401 1180 3471; baseline 0.02 -16"><span class='ocrx_word' id='word_1_331' title='bbox 674 3423 718 3455; x_wconf 89' lang='lat' dir='ltr'>mo</span> <span class='ocrx_word' id='word_1_332' title='bbox 730 3401 904 3467; x_wconf 89' lang='lat' dir='ltr'>deterruerit,</span> <span class='ocrx_word' id='word_1_333' title='bbox 922 3401 985 3471; x_wconf 91' lang='lat' dir='ltr'>quin</span> <span class='ocrx_word' id='word_1_334' title='bbox 1004 3424 1036 3458; x_wconf 79' lang='lat' dir='ltr'>eu</span> <span class='ocrx_word' id='word_1_335' title='bbox 1052 3406 1089 3461; x_wconf 89' lang='lat' dir='ltr'>sit</span> <span class='ocrx_word' id='word_1_336' title='bbox 1107 3410 1135 3463; x_wconf 90' lang='lat' dir='ltr'>iu</span> <span class='ocrx_word' id='word_1_337' title='bbox 1147 3408 1180 3464; x_wconf 81' lang='lat' dir='ltr'>his</span> 
     </span>
     <span class='ocr_line' id='line_1_55' title="bbox 674 3479 1181 3559; baseline 0.02 -25"><span class='ocrx_word' id='word_1_338' title='bbox 674 3481 778 3534; x_wconf 81' lang='lat' dir='ltr'>cedibus.</span> <span class='ocrx_word' id='word_1_339' title='bbox 789 3503 801 3525; x_wconf 70' lang='lat' dir='ltr'>r</span> <span class='ocrx_word' id='word_1_340' title='bbox 812 3479 923 3547; x_wconf 86' lang='lat' dir='ltr'>Cicero,</span> <span class='ocrx_word' id='word_1_341' title='bbox 938 3481 1181 3559; x_wconf 79' lang='lat' dir='ltr'>Philip.Vlll,c2p·</span> 
     </span>
     <span class='ocr_line' id='line_1_56' title="bbox 673 3557 1181 3636; baseline 0.022 -27"><span class='ocrx_word' id='word_1_342' title='bbox 673 3558 709 3610; x_wconf 76' lang='lat' dir='ltr'>o:</span> <span class='ocrx_word' id='word_1_343' title='bbox 723 3580 736 3603; x_wconf 70' lang='grc' dir='ltr'>κ</span> <span class='ocrx_word' id='word_1_344' title='bbox 750 3557 836 3609; x_wconf 85' lang='lat' dir='ltr'>Antea</span> <span class='ocrx_word' id='word_1_345' title='bbox 847 3557 979 3610; x_wconf 84' lang='lat' dir='ltr'>deterrere</span> <span class='ocrx_word' id='word_1_346' title='bbox 992 3569 1032 3626; x_wconf 85' lang='lat' dir='ltr'>te,</span> <span class='ocrx_word' id='word_1_347' title='bbox 1047 3580 1084 3617; x_wconf 86' lang='lat' dir='ltr'>ne</span> <span class='ocrx_word' id='word_1_348' title='bbox 1098 3584 1181 3636; x_wconf 85' lang='lat' dir='ltr'>popu·</span> 
     </span>
     <span class='ocr_line' id='line_1_57' title="bbox 673 3634 1180 3705; baseline 0.02 -18"><span class='ocrx_word' id='word_1_349' title='bbox 673 3634 733 3687; x_wconf 85' lang='lat' dir='ltr'>laris</span> <span class='ocrx_word' id='word_1_350' title='bbox 742 3655 824 3701; x_wconf 85' lang='lat' dir='ltr'>esses,</span> <span class='ocrx_word' id='word_1_351' title='bbox 838 3655 892 3688; x_wconf 89' lang='lat' dir='ltr'>non</span> <span class='ocrx_word' id='word_1_352' title='bbox 905 3646 1058 3705; x_wconf 86' lang='lat' dir='ltr'>poteramus</span> <span class='ocrx_word' id='word_1_353' title='bbox 1068 3662 1180 3699; x_wconf 77' lang='lat' dir='ltr'>:exorare</span> 
     </span>
     <span class='ocr_line' id='line_1_58' title="bbox 675 3717 1182 3794; baseline 0.024 -26"><span class='ocrx_word' id='word_1_354' title='bbox 675 3737 760 3783; x_wconf 88' lang='lat' dir='ltr'>nunc,</span> <span class='ocrx_word' id='word_1_355' title='bbox 773 3727 802 3769; x_wconf 92' lang='lat' dir='ltr'>ut</span> <span class='ocrx_word' id='word_1_356' title='bbox 813 3717 847 3769; x_wconf 86' lang='lat' dir='ltr'>sis</span> <span class='ocrx_word' id='word_1_357' title='bbox 857 3717 1006 3786; x_wconf 86' lang='lat' dir='ltr'>popularis,</span> <span class='ocrx_word' id='word_1_358' title='bbox 1019 3739 1079 3775; x_wconf 87' lang='lat' dir='ltr'>non</span> <span class='ocrx_word' id='word_1_359' title='bbox 1091 3744 1182 3794; x_wconf 64' lang='lat' dir='ltr'>ponu-</span> 
     </span>
     <span class='ocr_line' id='line_1_59' title="bbox 676 3794 1182 3874; baseline 0.016 -27"><span class='ocrx_word' id='word_1_360' title='bbox 676 3814 741 3848; x_wconf 87' lang='lat' dir='ltr'>mus.</span> <span class='ocrx_word' id='word_1_361' title='bbox 754 3817 767 3841; x_wconf 68' lang='lat' dir='ltr'>&gt;r</span> <span class='ocrx_word' id='word_1_362' title='bbox 787 3794 861 3849; x_wconf 85' lang='lat' dir='ltr'>Idem</span> <span class='ocrx_word' id='word_1_363' title='bbox 878 3794 911 3847; x_wconf 89' lang='lat' dir='ltr'>ad</span> <span class='ocrx_word' id='word_1_364' title='bbox 927 3795 1062 3867; x_wconf 88' lang='lat' dir='ltr'>Brutum,</span> <span class='ocrx_word' id='word_1_365' title='bbox 1077 3801 1131 3874; x_wconf 86' lang='lat' dir='ltr'>Ep.</span> <span class='ocrx_word' id='word_1_366' title='bbox 1142 3820 1182 3857; x_wconf 80' lang='lat' dir='ltr'>tx:</span> 
     </span>
    </p>
   </div>
   <div class='ocr_carea' id='block_1_6' title="bbox 121 3872 1188 4566">
    <p class='ocr_par' dir='ltr' id='par_1_9' title="bbox 121 3872 626 4019">
     <span class='ocr_line' id='line_1_60' title="bbox 121 3872 626 3942; baseline 0 -18"><span class='ocrx_word' id='word_1_367' title='bbox 121 3872 290 3938; x_wconf 84' lang='lat' dir='ltr'>dissolvebat,</span> <span class='ocrx_word' id='word_1_368' title='bbox 310 3873 357 3925; x_wconf 92' lang='lat' dir='ltr'>nisi</span> <span class='ocrx_word' id='word_1_369' title='bbox 371 3873 399 3925; x_wconf 90' lang='lat' dir='ltr'>in</span> <span class='ocrx_word' id='word_1_370' title='bbox 412 3874 467 3942; x_wconf 90' lang='lat' dir='ltr'>ipso</span> <span class='ocrx_word' id='word_1_371' title='bbox 480 3882 626 3925; x_wconf 85' lang='lat' dir='ltr'>transcursu</span> 
     </span>
     <span class='ocr_line' id='line_1_61' title="bbox 124 3948 525 4019; baseline -0.005 -17"><span class='ocrx_word' id='word_1_372' title='bbox 124 3950 199 4002; x_wconf 80' lang='lat' dir='ltr'>amici</span> <span class='ocrx_word' id='word_1_373' title='bbox 212 3948 282 4002; x_wconf 87' lang='lat' dir='ltr'>illurn</span> <span class='ocrx_word' id='word_1_374' title='bbox 295 3949 373 4019; x_wconf 83' lang='lat' dir='ltr'>alapis</span> <span class='ocrx_word' id='word_1_375' title='bbox 384 3951 525 4003; x_wconf 78' lang='lat' dir='ltr'>crederent.</span> 
     </span>
    </p>

    <p class='ocr_par' dir='ltr' id='par_1_10' title="bbox 121 4022 1188 4566">
     <span class='ocr_line' id='line_1_62' title="bbox 159 4022 1188 4096; baseline -0.003 -15"><span class='ocrx_word' id='word_1_376' title='bbox 159 4029 188 4081; x_wconf 80' lang='lat'>13</span> <span class='ocrx_word' id='word_1_377' title='bbox 204 4039 230 4079; x_wconf 91' lang='lat' dir='ltr'>et</span> <span class='ocrx_word' id='word_1_378' title='bbox 249 4031 285 4090; x_wconf 73' lang='lat' dir='ltr'>rt.</span> <span class='ocrx_word' id='word_1_379' title='bbox 307 4031 401 4081; x_wconf 80' lang='lat' dir='ltr'>Tamen</span> <span class='ocrx_word' id='word_1_380' title='bbox 415 4040 461 4083; x_wconf 85' lang='lat' dir='ltr'>etr.</span> <span class='ocrx_word' id='word_1_381' title='bbox 476 4029 627 4082; x_wconf 70' lang='lat' dir='ltr'>innumerae</span> <span class='ocrx_word' id='word_1_382' title='bbox 710 4031 813 4096; x_wconf 81' lang='lat' dir='ltr'>17.Surrr</span> <span class='ocrx_word' id='word_1_383' title='bbox 823 4022 964 4083; x_wconf 76' lang='lat' dir='ltr'>caussetus.</span> <span class='ocrx_word' id='word_1_384' title='bbox 976 4030 1045 4086; x_wconf 67' lang='lat' dir='ltr'>Hac</span> <span class='ocrx_word' id='word_1_385' title='bbox 1055 4036 1188 4093; x_wconf 64' lang='lat' dir='ltr'>verbale«</span> 
     </span>
     <span class='ocr_line' id='line_1_63' title="bbox 122 4103 1185 4175; baseline 0.005 -18"><span class='ocrx_word' id='word_1_386' title='bbox 122 4104 179 4158; x_wconf 87' lang='lat' dir='ltr'>sere</span> <span class='ocrx_word' id='word_1_387' title='bbox 186 4103 385 4173; x_wconf 84' lang='lat' dir='ltr'>sunthujusloci</span> <span class='ocrx_word' id='word_1_388' title='bbox 391 4103 627 4174; x_wconf 88' lang='lat' dir='ltr'>interpretationes.</span> <span class='ocrx_word' id='word_1_389' title='bbox 677 4116 777 4174; x_wconf 80' lang='lat' dir='ltr'>tegram</span> <span class='ocrx_word' id='word_1_390' title='bbox 786 4115 881 4174; x_wconf 79' lang='lat' dir='ltr'>regunt</span> <span class='ocrx_word' id='word_1_391' title='bbox 890 4104 1003 4175; x_wconf 80' lang='lat' dir='ltr'>phrasin.</span> <span class='ocrx_word' id='word_1_392' title='bbox 1018 4110 1052 4164; x_wconf 89' lang='lat' dir='ltr'>ln</span> <span class='ocrx_word' id='word_1_393' title='bbox 1065 4114 1185 4170; x_wconf 74' lang='lat' dir='ltr'>omnibus</span> 
     </span>
     <span class='ocr_line' id='line_1_64' title="bbox 124 4181 1184 4264; baseline 0.013 -29"><span class='ocrx_word' id='word_1_394' title='bbox 124 4181 280 4235; x_wconf 84' lang='lat' dir='ltr'>Passeratius</span> <span class='ocrx_word' id='word_1_395' title='bbox 301 4181 328 4233; x_wconf 91' lang='lat' dir='ltr'>in</span> <span class='ocrx_word' id='word_1_396' title='bbox 350 4181 481 4235; x_wconf 86' lang='lat' dir='ltr'>nonnullis</span> <span class='ocrx_word' id='word_1_397' title='bbox 496 4181 627 4235; x_wconf 86' lang='lat' dir='ltr'>codicibus</span> <span class='ocrx_word' id='word_1_398' title='bbox 676 4182 1184 4264; x_wconf 76' lang='lat' dir='ltr'>libriseteditionibusenteSceligerun,</span> 
     </span>
     <span class='ocr_line' id='line_1_65' title="bbox 124 4259 1183 4332; baseline 0.013 -21"><span class='ocrx_word' id='word_1_399' title='bbox 124 4259 222 4313; x_wconf 85' lang='lat' dir='ltr'>invenit</span> <span class='ocrx_word' id='word_1_400' title='bbox 241 4281 248 4313; x_wconf 75' lang='grc' dir='ltr'>ι</span> <span class='ocrx_word' id='word_1_401' title='bbox 267 4282 280 4304; x_wconf 72' lang='grc' dir='ltr'><strong>α</strong></span> <span class='ocrx_word' id='word_1_402' title='bbox 303 4270 391 4311; x_wconf 85' lang='lat' dir='ltr'>tamen</span> <span class='ocrx_word' id='word_1_403' title='bbox 413 4259 482 4313; x_wconf 88' lang='lat' dir='ltr'>haud</span> <span class='ocrx_word' id='word_1_404' title='bbox 503 4260 627 4314; x_wconf 82' lang='lat' dir='ltr'>deterrita</span> <span class='ocrx_word' id='word_1_405' title='bbox 676 4260 889 4332; x_wconf 75' lang='lat' dir='ltr'>legebaturzdu!</span> <span class='ocrx_word' id='word_1_406' title='bbox 901 4280 947 4329; x_wconf 65' lang='lat' dir='ltr'>eqo</span> <span class='ocrx_word' id='word_1_407' title='bbox 964 4282 1183 4331; x_wconf 68' lang='lat' dir='ltr'>supremum.</span> 
     </span>
     <span class='ocr_line' id='line_1_66' title="bbox 121 4336 1186 4420; baseline 0.013 -32"><span class='ocrx_word' id='word_1_408' title='bbox 121 4336 272 4403; x_wconf 82' lang='lat' dir='ltr'>trustraest,</span> <span class='ocrx_word' id='word_1_409' title='bbox 283 4337 577 4404; x_wconf 82' lang='lat' dir='ltr'>Quumtleret;»etita</span> <span class='ocrx_word' id='word_1_410' title='bbox 587 4339 627 4392; x_wconf 91' lang='lat' dir='ltr'>in·</span> <span class='ocrx_word' id='word_1_411' title='bbox 676 4359 734 4394; x_wconf 81' lang='lat' dir='ltr'>ares</span> <span class='ocrx_word' id='word_1_412' title='bbox 751 4345 909 4394; x_wconf 79' lang='lat' dir='ltr'>dartorrrr&#39;ra</span> <span class='ocrx_word' id='word_1_413' title='bbox 928 4345 992 4396; x_wconf 82' lang='lat' dir='ltr'>diro.</span> <span class='ocrx_word' id='word_1_414' title='bbox 1018 4346 1074 4403; x_wconf 83' lang='lat' dir='ltr'>Hic</span> <span class='ocrx_word' id='word_1_415' title='bbox 1091 4351 1186 4420; x_wconf 80' lang='lat' dir='ltr'>primns</span> 
     </span>
     <span class='ocr_line' id='line_1_67' title="bbox 123 4414 1185 4499; baseline 0.018 -34"><span class='ocrx_word' id='word_1_416' title='bbox 123 4423 278 4482; x_wconf 85' lang='lat' dir='ltr'>terpretatus</span> <span class='ocrx_word' id='word_1_417' title='bbox 288 4423 326 4465; x_wconf 91' lang='lat' dir='ltr'>est</span> <span class='ocrx_word' id='word_1_418' title='bbox 339 4432 345 4465; x_wconf 92' lang='lat'>:</span> <span class='ocrx_word' id='word_1_419' title='bbox 357 4434 370 4457; x_wconf 69' lang='lat' dir='ltr'>n</span> <span class='ocrx_word' id='word_1_420' title='bbox 384 4414 478 4481; x_wconf 87' lang='lat' dir='ltr'>Quum</span> <span class='ocrx_word' id='word_1_421' title='bbox 489 4414 589 4468; x_wconf 87' lang='lat' dir='ltr'>videret</span> <span class='ocrx_word' id='word_1_422' title='bbox 599 4436 626 4470; x_wconf 90' lang='lat' dir='ltr'>se</span> <span class='ocrx_word' id='word_1_423' title='bbox 676 4425 739 4474; x_wconf 76' lang='lat' dir='ltr'>daret</span> <span class='ocrx_word' id='word_1_424' title='bbox 749 4419 777 4472; x_wconf 91' lang='lat' dir='ltr'>in</span> <span class='ocrx_word' id='word_1_425' title='bbox 791 4431 837 4472; x_wconf 82' lang='lat' dir='ltr'>art</span> <span class='ocrx_word' id='word_1_426' title='bbox 845 4419 956 4473; x_wconf 85' lang='lat' dir='ltr'>mutavit</span> <span class='ocrx_word' id='word_1_427' title='bbox 968 4442 999 4475; x_wconf 81' lang='lat' dir='ltr'>ex</span> <span class='ocrx_word' id='word_1_428' title='bbox 1012 4423 1145 4499; x_wconf 74' lang='lat' dir='ltr'>iugenio,</span> <span class='ocrx_word' id='word_1_429' title='bbox 1159 4436 1185 4481; x_wconf 70' lang='lat' dir='ltr'>nt</span> 
     </span>
     <span class='ocr_line' id='line_1_68' title="bbox 122 4493 1185 4566; baseline 0.015 -21"><span class='ocrx_word' id='word_1_430' title='bbox 122 4510 136 4545; x_wconf 83' lang='lat' dir='ltr'>a</span> <span class='ocrx_word' id='word_1_431' title='bbox 148 4493 268 4566; x_wconf 80' lang='lat' dir='ltr'>lacrymis</span> <span class='ocrx_word' id='word_1_432' title='bbox 278 4504 422 4561; x_wconf 85' lang='lat' dir='ltr'>temperare</span> <span class='ocrx_word' id='word_1_433' title='bbox 434 4512 489 4547; x_wconf 88' lang='lat' dir='ltr'>non</span> <span class='ocrx_word' id='word_1_434' title='bbox 501 4514 587 4564; x_wconf 86' lang='lat' dir='ltr'>posse,</span> <span class='ocrx_word' id='word_1_435' title='bbox 600 4497 626 4549; x_wconf 91' lang='lat' dir='ltr'>in</span> <span class='ocrx_word' id='word_1_436' title='bbox 676 4497 789 4552; x_wconf 86' lang='lat' dir='ltr'>videtur.</span> <span class='ocrx_word' id='word_1_437' title='bbox 800 4499 926 4553; x_wconf 72' lang='lat' dir='ltr'>Herm-</span> <span class='ocrx_word' id='word_1_438' title='bbox 933 4499 1026 4556; x_wconf 84' lang='lat' dir='ltr'>Lectio</span> <span class='ocrx_word' id='word_1_439' title='bbox 1038 4508 1185 4563; x_wconf 69' lang='lat' dir='ltr'>Antonin</span> 
     </span>
    </p>
   </div>
   <div class='ocr_carea' id='block_1_7' title="bbox 677 3873 1183 4004">
    <p class='ocr_par' dir='ltr' id='par_1_11' title="bbox 677 3873 1183 4004">
     <span class='ocr_line' id='line_1_69' title="bbox 677 3873 1183 3938; baseline 0.042 -20"><span class='ocrx_word' id='word_1_440' title='bbox 677 3895 689 3918; x_wconf 67' lang='grc' dir='ltr'>α</span> <span class='ocrx_word' id='word_1_441' title='bbox 703 3873 850 3926; x_wconf 75' lang='lat' dir='ltr'>Auctoritas</span> <span class='ocrx_word' id='word_1_442' title='bbox 864 3883 962 3927; x_wconf 76' lang='lat' dir='ltr'>rueme</span> <span class='ocrx_word' id='word_1_443' title='bbox 982 3894 997 3928; x_wconf 87' lang='lat' dir='ltr'>a</span> <span class='ocrx_word' id='word_1_444' title='bbox 1014 3878 1104 3934; x_wconf 86' lang='lat' dir='ltr'>nimio</span> <span class='ocrx_word' id='word_1_445' title='bbox 1118 3901 1183 3938; x_wconf 77' lang='lat' dir='ltr'>mre·</span> 
     </span>
     <span class='ocr_line' id='line_1_70' title="bbox 677 3950 912 4004; baseline -0.004 0"><span class='ocrx_word' id='word_1_446' title='bbox 677 3971 735 4004; x_wconf 90' lang='lat' dir='ltr'>rore</span> <span class='ocrx_word' id='word_1_447' title='bbox 748 3950 885 4003; x_wconf 89' lang='lat' dir='ltr'>deterruit.</span> <span class='ocrx_word' id='word_1_448' title='bbox 900 3973 912 3996; x_wconf 74' lang='lat' dir='ltr'>u</span> 
     </span>
    </p>
   </div>
   <div class='ocr_carea' id='block_1_8' title="bbox 0 0 1317 5002">
    <p class='ocr_par' dir='ltr' id='par_1_12' title="bbox 0 0 1317 5002">
     <span class='ocr_line' id='line_1_71' title="bbox 0 0 1317 5002; baseline 0 0"><span class='ocrx_word' id='word_1_449' title='bbox 0 0 1317 5002; x_wconf 95' lang='lat' dir='ltr'> </span> 
     </span>
    </p>
   </div>
  </div>
 </body>
</html>
