2580 5002
228 734 539 804 ELEGIARUM
560 736 658 806 LIB.
683 741 713 807 1.
741 739 893 808 ELEG.
924 743 954 809 1.
1110 743 1129 809 3

109 877 231 952 Martia
251 880 305 953 cui
323 907 457 956 somnos
475 881 608 956 classica
625 881 721 984 pulsa
737 882 862 978 sugent.

59 995 117 1070 Mc
134 1026 206 1071 mea
221 1016 399 1099 paupertas
416 997 490 1072 vira
505 999 655 1073 traducat
670 999 767 1073 inerti
783 1056 792 1088 ,
1113 1019 1129 1071 5

108 1116 201 1190 Dum
217 1145 310 1190 meus
327 1116 446 1210 exiguo
465 1114 572 1190 luceat
588 1117 663 1213 igne
681 1116 785 1189 socos.

58 1229 137 1329 Ipse
154 1256 259 1302 seram
279 1247 405 1303 teneras
422 1247 551 1303 maturo
571 1247 716 1330 ternpore
732 1230 814 1303 vites

110 1344 287 1432 Rusticus,
307 1361 341 1418 et
354 1343 442 1418 sacili
460 1343 595 1440 grandia
609 1339 709 1447 poma
725 1374 822 1420 manu
838 1373 847 1432 ;

59 1524 166 1579 Grecos
175 1524 273 1579 locutio
285 1533 416 1595 tater'rsor
426 1528 505 1587 aerim
516 1526 572 1580 usi·
620 1526 696 1582 nium
701 1525 780 1594 jocus
786 1528 896 1593 pervigil
902 1524 1055 1579 nominatur
1067 1565 1075 1592 ,
1089 1526 1132 1581 id-

58 1614 112 1659 cara
121 1602 197 1656 foret.
206 1603 323 1656 Huschk.
335 1603 444 1657 meliora
453 1603 571 1674 exempla
619 1607 689 1661 circo
701 1606 769 1677 apud
779 1606 915 1660 Tibullum
925 1604 1021 1675 ubique
1032 1606 1132 1675 epithe-

57 1680 121 1734 cliai
134 1700 165 1733 ⁶¹
178 1680 312 1735 Plu¹²f⁰l¹i
332 1692 360 1734 ei
381 1680 519 1734 Claudiani
533 1681 571 1735 Ιὶ·
619 1685 1131 1741 tonassr'daustextuiobtrudendumest.

56 1760 121 1826 bris,
133 1778 247 1829 quorum
255 1759 327 1831 prior
334 1759 398 1813 dixit
406 1771 446 1815 καὶ
455 1766 571 1833 spoliem
621 1766 745 1821 Occurrit
757 1767 810 1836 jam
822 1765 894 1819 idem
905 1765 1041 1834 epitheton
1053 1786 1133 1835 supe·

56 1845 182 1908 siligine«
193 1847 313 1900 καλοῦσινς
328 1837 393 1892 alter
404 1839 569 1905 xvt1,312:
620 1844 690 1898 riore
712 1843 830 1896 disticho.
849 1844 952 1896 Vocem
965 1849 1056 1911 exiguo
1069 1862 1132 1897 cum

57 1940 72 1964 ι
85 1917 142 1987 Qui
152 1927 219 1970 nutu
228 1917 401 1986 manibusque
412 1915 505 1986 loquax
513 1937 520 1979 ;
528 1917 571 1971 cui
620 1920 747 1976 tenuitate
755 1931 838 1990 poetae
849 1921 917 1975 benc
925 1922 1067 1976 convenire
1075 1921 1133 1991 quis

56 1997 122 2051 tibia
144 1995 233 2064 flatu,
258 1996 310 2050 Cui
331 1998 430 2066 plectro
440 2001 571 2065 pulsanda
620 1999 1133 2070 inficiaripossit?Brouclclrusiusopina·

59 2075 167 2148 Chelys.
180 2098 193 2123 s
618 2091 677 2146 tur,
692 2079 840 2134 discordare
851 2085 957 2133 lucendi
969 2081 1081 2134 verbum
1099 2080 1132 2132 ab

91 2159 115 2223 4.
134 2157 159 2210 J.
175 2156 211 2211 Η.
229 2157 308 2208 Voss.
325 2154 375 2209 hoc
386 2153 443 2208 loco
454 2156 572 2224 reposuit
619 2160 758 2230 exiguitate
767 2161 849 2230 ignis;
862 2178 925 2213 narn
936 2180 969 2213 eo
976 2159 1057 2215 verbo
1068 2160 1134 2214 scri-

56 2240 176 2305 7101'91'0
188 2239 245 2294 Μ’»
259 2244 288 2286 '¹¹
301 2234 329 2298 l,
344 2251 379 2298 Vs
392 2233 440 2296 3¹3
455 2245 481 2287 ei
496 2235 523 2301 l,
538 2250 569 2300 Χ,
620 2251 708 2308 ptores
731 2240 826 2293 latinos
846 2259 952 2309 semper
973 2240 1006 2293 de
1029 2235 1133 2309 ignibus

56 2317 98 2383 44
116 2316 151 2368 dt
162 2334 211 2385 per
222 2313 336 2383 reliquos
351 2313 430 2367 libros
444 2313 493 2368 hoc
509 2333 572 2383 pro-
620 2315 722 2386 magnis
731 2336 790 2369 usos
798 2336 861 2370 esse.
873 2317 957 2370 Acuta
968 2336 1030 2371 sane
1043 2316 1135 2369 distin·

56 2410 159 2448 nomen
177 2394 205 2447 in
221 2396 288 2447 mira
305 2403 424 2446 versatur
437 2394 570 2447 varietate.
619 2393 689 2448 ctio!
703 2394 848 2446 dolendum
865 2402 954 2446 tamen
965 2432 972 2459 ,
985 2392 1055 2462 quod
1071 2393 1133 2445 Pli-

57 2475 171 2528 Praestat
182 2474 210 2527 in
224 2474 264 2527 his
278 2472 437 2527 carminibus
454 2470 570 2524 retinere
618 2473 694 2538 nius,
705 2473 747 2526 lib.
757 2473 869 2539 XVlll,
878 2472 950 2525 idem
959 2473 992 2525 de
1000 2471 1132 2524 cicindelis

56 2558 117 2616 cnr';
130 2552 211 2605 codex
221 2552 301 2605 Paris.
312 2568 417 2619 semper
425 2549 570 2615 cur'habet‚
619 2552 792 2622 usurpaverit.
803 2553 842 2606 Ut
854 2562 883 2605 ut
892 2563 947 2619 est,
958 2551 1081 2606 scribenti
1090 2550 1136 2603 Ti·

59 2646 200 2698 nunquam
210 2634 275 2697 qnoe'.
603 2627 690 2684 'bullo
704 2650 760 2684 non
777 2629 923 2693 adfuimust
943 2629 1044 2697 scripsit
1062 2626 1133 2696 quod

87 2710 111 2759 5.
124 2707 169 2758 dle
180 2724 244 2758 mea·
260 2705 326 2756 Haec
339 2703 444 2756 verbaa
459 2702 571 2770 quihus·
619 2707 715 2777 placuit
732 2728 738 2761 ι
757 2717 913 2761 evanescant
935 2706 1014 2777 igitar
1037 2703 1134 2757 erudi-

56 2783 120 2838 dam
127 2783 283 2838 delicatioris
295 2782 393 2852 ingenii
406 2781 515 2835 eruditis
527 2781 572 2834 da·
619 2799 707 2842 torum
729 2787 938 2856 disputationes,
953 2804 1067 2854 quorum
1089 2783 1133 2837 alii

56 2875 187 2917 ninantur
199 2903 207 2930 ,
220 2876 250 2919 ut
260 2862 466 2930 geminationem
477 2879 570 2930 parum
618 2884 697 2933 snper
709 2865 779 2918 illins
794 2864 852 2917 loco
869 2873 1026 2932 perpetuum
1043 2861 1133 2931 ignem

55 2942 205 3012 elegantem
211 2941 522 2995 continentiaoutinam
529 2940 570 2994 isti
619 2944 784 3011 serendum,
796 2944 837 2997 alii
851 2953 943 2997 contra
956 2940 1132 3009 restinguunt.

54 3031 189 3076 emunctae
199 3019 271 3073 naris
279 3019 399 3071 homines
407 3028 467 3069 ante
477 3019 571 3070 Lucre·
619 3019 770 3071 Huschkins
781 3017 918 3070 sententia)
930 3029 1026 3070 nostre
1038 3017 1134 3076 adsere

56 3101 126 3154 tium
135 3112 161 3154 et
171 3099 329 3154 Ciceronem
338 3094 472 3150 vixissent!
487 3095 570 3149 Certo
617 3112 705 3160 satum
718 3097 754 3151 ait
764 3096 850 3162 enim,
865 3118 879 3142 ι
890 3097 968 3149 lectio
978 3100 1082 3149 assiduo
1090 3096 1132 3149 rel

55 3175 571 3242 cosmelioraedocuisscnt]·,nametLu·
618 3187 726 3247 propter
754 3173 940 3242 repetitionem
965 3173 1033 3227 vocis
1060 3174 1131 3226 reti-

54 3260 155 3313 eretius
165 3267 192 3311 et
205 3256 301 3311 Cicero
312 3254 466 3323 frequenter
478 3253 571 3321 hujus·
619 3253 707 3307 nenda
721 3263 775 3314 cst;
790 3251 905 3305 suaviter
918 3252 990 3305 eninr
1004 3253 1077 3305 iocus
1086 3252 1132 3304 Ti·

56 3337 132 3392 modi
139 3336 359 3407 geminationibus
367 3335 406 3387 usi
417 3344 491 3395 surm
500 3332 571 3386 vide·
618 3332 681 3385 bulli
693 3330 796 3384 assiduo
812 3329 871 3399 igne
887 3329 974 3383 lucens
986 3331 1130 3400 opponitur

55 3417 110 3480 sis,
122 3417 233 3482 libili,
250 3433 316 3468 vers.
330 3434 358 3466 ar
371 3435 378 3476 ;
393 3414 436 3466 lib.
449 3415 491 3478 V,
504 3430 570 3465 vers.
619 3408 721 3462 assiduo
734 3407 822 3461 militis
830 3408 926 3460 labori:
941 3432 953 3455 o
969 3409 1082 3477 denique
1093 3409 1129 3461 la·

62 3495 144 3557 1336;
164 3495 207 3548 lib.
227 3494 285 3559 Vl,
304 3513 370 3547 vers.
383 3492 440 3546 626.
455 3492 527 3544 'l'um
544 3502 571 3544 ct
619 3487 708 3555 pidem
726 3485 813 3539 laudat
831 3486 899 3555 apud
919 3486 1062 3539 Fabretum
1083 3486 1131 3537 in-

57 3570 200 3641 Virgilius,
215 3570 312 3640 Georg.
321 3570 364 3622 lib.
374 3569 416 3635 lt,
429 3586 494 3622 vers.
505 3570 570 3631 328;
619 3567 705 3635 script.
717 3584 771 3632 cap.
784 3566 835 3630 lV,
848 3583 873 3631 p.
887 3565 949 3628 283,
963 3564 1007 3614 ubi
1019 3563 1129 3639 legitur:

59 3648 125 3703 AEn.
137 3647 170 3714 V,
180 3647 420 3715 tot-Traducere
430 3685 438 3712 ,
450 3645 569 3712 tradere,
621 3647 704 3699 Tunc
717 3661 793 3698 nnus
806 3658 923 3698 marnoa
934 3657 1045 3694 seneen
1057 3655 1131 3693 orsu

57 3724 172 3779 reddere
181 3746 189 3789 ς
197 3724 292 3778 darese
301 3723 370 3788 otio,
379 3722 486 3790 litteris,
495 3746 571 3798 καρα-
620 3742 704 3779 uuxrr
717 3739 808 3776 anter
820 3738 915 3776 rocus.
927 3721 1014 3790 Eligat
1022 3720 1113 3774 lector.

59 3811 157 3872 ὑῡναι,
180 3811 257 3859 coner
270 3823 277 3856 z
288 3803 324 3856 sic
337 3803 472 3856 Homerus
494 3809 571 3856 aaran
654 3823 675 3871 7.
694 3802 808 3872 Scaliger
823 3798 885 3853 hnic
903 3798 1013 3851 disticho
1027 3817 1132 3868 praepo-

60 3891 172 3958 o’dn'agec,
186 3884 217 3938 Il.
228 3894 265 3951 Ε,
278 3885 343 3956 3973
360 3887 447 3960 pipat,
461 3883 570 3950 izimo,
618 3883 671 3937 suit
690 3873 753 3935 illud
772 3880 842 3951 quod
860 3878 993 3949 sequitur,
1006 3881 1061 3932 Nec
1073 3899 1131 3947 spes

60 3963 146 4037 Odys.
158 3954 201 4030 '1''‚
217 3963 261 4032 167
272 3983 280 4025 ς
293 3959 331 4027 ὁ,
344 3962 402 4015 356.
416 3962 509 4014 liunt.
620 3966 758 4025 destituar,
777 3973 893 4015 statuens
908 3959 1029 4012 boccum
1046 3978 1131 4027 supe-

91 4044 117 4096 6.
126 4040 269 4097 Codicibus
279 4041 415 4110 permultis
421 4040 488 4094 inest
496 4039 573 4094 lectio
620 4041 690 4093 riore
699 4041 735 4094 ita
743 4038 874 4094 cohaerere
883 4037 961 4090 :dum
972 4057 1047 4090 meus
1056 4036 1131 4090 iocus

57 4125 151 4190 αἱμα
164 4136 223 4190 quse
237 4119 299 4173 viris
316 4118 469 4173 doctissimis
485 4117 573 4188 potior
621 4120 724 4173 assidue
734 4118 832 4185 luceat,
842 4135 976 4187 nscsepes
985 4116 1074 4170 eludat
1083 4136 1131 4170 se-

57 4200 113 4254 visa
122 4209 174 4266 est,
185 4211 215 4253 ut
222 4198 344 4271 Regma,
353 4199 378 4251 J.
385 4197 573 4251 H.Voss.aliis·
621 4199 843 4253 mentem-Hoc
854 4198 883 4250 in
895 4214 1013 4250 errorem
1025 4194 1132 4263 conjicit

57 4297 121 4349 que.
134 4278 323 4348 Exemplorum
330 4277 454 4330 nubema
464 4276 572 4330 Brouc-
622 4276 772 4349 Heynium,
781 4275 888 4345 qui,etsi
894 4273 1034 4344 pristinum
1042 4292 1131 4325 serva-

56 4357 154 4412 thasio
162 4369 373 4412 coacervatorum
382 4357 487 4410 missam
495 4355 573 4409 iacia-
621 4352 1132 4422 vitrersuumordiuem,longiustamen

60 4454 121 4493 mus
130 4455 137 4490 ι
145 4454 194 4490 nec
203 4436 275 4490 enirn
283 4435 342 4506 quia
355 4433 483 4489 Martialis
483 4433 573 4502 focum
620 4435 751 4505 scaligero
761 4452 926 4506 progressus,
936 4431 1075 4488 contendit
1082 4430 1130 4484 di-

55 4534 191 4585 penrrnerrr
201 4516 280 4583 dixit,
293 4515 335 4569 vel
344 4514 407 4585 quis
413 4513 482 4585 apud
495 4513 573 4583 Papi·
620 4511 722 4567 stichon
730 4511 789 4582 boe,
795 4530 844 4583 pro
853 4508 1135 4582 fragmentoaentsris
