2580 5002
289 693 593 756 TESTIMONIA
614 694 673 756 ET
694 693 902 755 JUDlClA.
1057 695 1129 776 xcvij

136 844 255 903 Jumus
272 842 383 903 Cassan
405 846 579 917 Scationa,
600 846 743 915 Poetices,
763 843 827 902 Lib.
842 842 907 917 VI,
925 862 987 921 cop.
1003 857 1062 899 vn.

105 968 226 1029 Facilius
240 991 256 1030 e
271 968 379 1028 Tibulli
391 968 461 1029 locis
474 969 652 1047 expediemus
666 991 813 1031 censuram
823 980 958 1031 nostram.
971 965 1132 1027 Uniformis

60 1074 113 1136 ille
128 1097 208 1153 paenc
224 1087 303 1137 totus
320 1087 380 1149 est,
398 1075 500 1157 vixque
519 1075 664 1138 discedens
677 1077 712 1137 ab
727 1099 756 1138 se
772 1076 835 1155 ipso
852 1065 953 1137 eddom
965 1095 1047 1152 paene
1060 1094 1132 1158 gyro

63 1182 259 1242 concluditur.
270 1181 364 1243 Audis
372 1182 448 1243 enim
456 1204 546 1256 casas,
557 1183 656 1259 socos,
668 1206 733 1245 rura
744 1228 754 1258 ,
766 1203 899 1257 nemora,
911 1182 1012 1261 praela,
1023 1181 1131 1259 spicas,

64 1310 142 1349 sacra
159 1302 219 1350 tum
233 1312 328 1372 saepe,
345 1302 407 1349 tum
419 1290 550 1350 multum.
565 1290 703 1351 Omnium
718 1312 789 1351 vero
802 1287 996 1360 cultissimus,
1013 1308 1066 1349 nec
1082 1308 1132 1348 re-

64 1395 195 1458 dundans
210 1400 242 1458 in
256 1398 354 1480 elegia.

180 1555 366 1616 Joacnnsus
383 1556 613 1631 cameramos,
631 1560 662 1617 r'a
676 1557 830 1619 Elementis
843 1556 1008 1616 Rhetorica.

106 1684 171 1766 Ego
192 1706 261 1747 vero
281 1686 393 1769 quoties
416 1687 525 1748 Tibulli
543 1689 664 1750 carmina
684 1690 768 1772 lego,
791 1688 862 1749 nibil
877 1687 996 1766 amplius
1015 1683 1133 1768 requiro

64 1811 158 1872 neque
172 1793 345 1867 venustatis,
363 1815 455 1877 neque
469 1796 616 1879 elegantiae
632 1819 638 1854 :
656 1795 815 1857 doctrinam
832 1805 926 1856 autem
943 1806 973 1855 et
989 1791 1134 1854 eruditio-

61 1918 131 1958 nem
147 1897 280 1960 admiror.
298 1901 402 1962 Omnia
413 1914 473 1963 arte
487 1903 642 1986 studioque
653 1926 764 1966 summo
776 1902 886 1963 climata
897 1901 967 1962 milri
981 1898 1132 1961 videntur:

59 2004 160 2086 itaque
175 2005 205 2064 in
220 2007 337 2067 maxima
353 2008 483 2071 facilitate
497 2009 560 2087 illa,
577 2033 642 2073 cura
655 2025 750 2073 tamen
767 2008 968 2072 elaborationis
986 2005 1134 2087 conspici-

61 2124 125 2171 tur·
140 2111 234 2174 Verba
251 2114 376 2192 optima,
394 2117 543 2180 sententiae
556 2118 719 2200 exquisitae,
739 2116 913 2199 compositio
929 2114 1081 2186 omnibus,
1103 2124 1136 2172 ut

64 2216 163 2292 aiunt,
179 2221 303 2280 numeris
314 2223 446 2297 perlecta.
457 2225 502 2281 Ex
513 2248 571 2302 quo
582 2246 697 2283 necesse
711 2236 755 2284 est
770 2225 828 2283 boc
841 2235 1048 2305 consequatur,
1070 2241 1135 2307 car-

64 2323 160 2399 mina,
176 2336 209 2384 ut
226 2324 282 2387 sint
298 2338 329 2387 ct
344 2349 460 2405 canora,
475 2339 505 2390 et
518 2328 681 2409 splendida,
697 2342 726 2391 et
740 2330 890 2391 concinna.

159 2483 349 2543 Hannnnus
363 2485 557 2558 Tununnus,
571 2485 688 2547 Aduers.
705 2484 767 2543 Lib.
783 2485 872 2559 XVI,
890 2507 952 2567 cup.
970 2502 1035 2546 x1x.

106 2612 259 2687 Tibullus,
273 2613 321 2674 ille
331 2615 440 2694 politus
453 2617 603 2699 suavisque
614 2628 714 2697 poeta,
727 2630 756 2677 et
770 2617 885 2698 quidem
895 2616 1036 2679 Pboebeus
1049 2615 1130 2690 olor,

64 2723 94 2781 in
111 2742 171 2803 quo
187 2721 314 2783 sincerus
335 2743 397 2783 csse
410 2722 524 2784 videtur
543 2736 571 2784 et
592 2723 734 2805 ingenuus
752 2725 846 2786 Latini
865 2726 1004 2787 sermonis
1026 2746 1131 2809 sapor,

63 2827 146 2893 nullo
162 2829 315 2912 peregrino
331 2831 444 2892 vitiatus
459 2854 557 2894 succo.

252 2965 391 3025 Jaconus
410 2967 650 3042 sannazanrus,
670 2968 732 3027 Lib.
753 2970 803 3039 tt,
822 2968 902 3046 Eleg.
918 2984 940 3027 1.

228 3095 363 3149 Battiaden
376 3095 444 3149 docti
455 3110 560 3149 sectatur
571 3098 645 3151 Musa
657 3097 771 3172 Properti
782 3114 789 3147 :

263 3188 368 3241 Flaccus
379 3189 527 3242 Pindaricos
542 3190 633 3247 dividit
645 3209 703 3244 aure
714 3191 810 3243 modos.

231 3280 340 3333 Passeris
356 3282 483 3352 exsequias
496 3283 574 3333 fracto
588 3282 656 3334 canit
670 3301 713 3334 ose
728 3281 855 3335 Catullus:

263 3371 303 3423 Tu
314 3370 436 3425 Nemesin
447 3372 547 3440 laudas,
562 3371 627 3426 culte
641 3372 757 3440 Tibulle,
773 3386 851 3426 tuam.

221 3518 341 3577 Jusros
358 3517 504 3590 Lsrssus,
524 3516 592 3579 Var.
610 3517 686 3577 Lect.
703 3517 765 3578 Lib.
784 3517 816 3591 1,
834 3539 897 3598 cup.
914 3534 980 3577 xxi.

108 3644 243 3706 Tibullus
254 3646 366 3729 elegans
379 3648 542 3731 cumprimis
554 3661 652 3731 poeta,
669 3646 740 3709 etin
756 3650 836 3730 cujus
851 3646 1009 3725 purissimis
1025 3648 1136 3725 scriptis

65 3754 160 3817 nativa
176 3752 306 3835 quaedam
321 3767 351 3815 ct
365 3756 513 3820 vernacula
527 3756 637 3817 Latinas
651 3755 758 3840 linguae
773 3753 911 3813 munditia
925 3753 1040 3814 relucet.

170 3891 303 3952 Issicus
321 3890 552 3967 Casausonus,
569 3892 694 3954 Lecton.
712 3891 1022 3971 Tlreooit.cap.xv11.

106 4022 265 4087 Conferant
280 4037 375 4087 tamen
389 4025 511 4087 studiosi
529 4027 705 4105 poeticarum
722 4025 915 4086 amoenitatum
932 4023 1063 4108 ldyllium
1079 4024 1136 4085 boc

65 4154 133 4193 cum
147 4145 241 4214 poetae
256 4132 405 4195 cultissimi
422 4133 531 4194 Tibulli
546 4134 645 4216 Elegia
661 4146 777 4216 quarta,
795 4132 870 4194 libro
887 4132 990 4216 primo.
1002 4134 1076 4195 Nam
1091 4130 1139 4191 illa

64 4239 202 4303 videntur
216 4241 251 4302 ad
266 4239 418 4303 Theocriti
431 4239 619 4302 imitationem
635 4241 728 4302 dicta:

234 4371 353 4426 Carmine
367 4390 491 4447 purpurea
502 4382 538 4423 est
547 4370 605 4425 Nisi
614 4389 686 4423 coma
697 4372 828 4425 :carmina
839 4372 868 4429 ni
877 4371 951 4435 sint„

267 4464 305 4516 Ex
317 4464 423 4521 humero
434 4462 535 4538 Pelopis
548 4481 603 4518 non
614 4461 728 4517 nituisset
740 4461 810 4517 eban
