2580 5002
188 673 505 742 ELEGIARUM
537 673 632 741 LIB.
666 677 695 765 1.
727 677 875 745 ELEG.
909 679 985 746 Ill.
1079 677 1121 762 43

106 813 245 910 Jamjam
264 814 376 914 poturi
394 813 517 888 deserit
536 813 623 887 unda
641 815 749 904 sitim;

56 931 104 1001 Et
119 929 225 1001 Danai
240 928 367 1030 proles,
388 930 526 1002 Veneris
544 957 617 1029 quae
633 930 770 1004 numina
784 929 881 1018 lesit,

108 1047 148 1116 ln
166 1074 241 1119 cava
260 1047 408 1120 Lethaeas
425 1045 513 1120 dolia
529 1063 641 1146 portat
659 1074 771 1147 aquas.

58 1158 134 1234 lllic
152 1161 212 1246 sit,
233 1161 432 1262 quicumque
450 1189 540 1234 meos
556 1159 689 1234 violavit
701 1191 848 1251 amores,

110 1275 250 1377 Optarit
265 1275 368 1351 lentas
387 1277 518 1382 etmihi
535 1276 688 1352 militias:

60 1398 125 1482 At,
146 1412 201 1480 tu,
221 1412 328 1481 casta,
346 1422 476 1494 precor,
496 1423 646 1479 maneas;
665 1396 834 1497 sanctique
848 1396 987 1498 pudoris

109 1509 269 1583 Adsideat
285 1528 397 1584 custos
415 1508 527 1585 sedula
545 1502 673 1611 semper
690 1507 782 1585 anus.

59 1629 140 1701 Haec
157 1627 221 1700 tibi
234 1625 371 1701 fabellas
392 1626 529 1715 reserat,
549 1629 723 1730 positaque
739 1627 869 1704 lucerna
1093 1651 1125 1703 85

109 1742 260 1817 Deducat
278 1740 372 1843 plena
391 1743 529 1818 stamina
546 1741 644 1838 longa
661 1742 756 1828 colo·,

61 1861 112 1933 Ac
129 1859 214 1933 circa
231 1861 386 1955 gravibus
403 1860 515 1961 pensis
533 1860 637 1934 adfixa
655 1858 764 1961 puella

94 2035 133 2089 79„
141 2017 490 2085 Babaear'prolesetcNide
501 2017 569 2088 apud
619 2019 705 2072 abesse
721 2019 784 2084 diu,
802 2030 832 2073 ut
843 2020 896 2089 ipse
913 2018 1005 2072 melius
1020 2018 1126 2073 insidias

61 2093 189 2148 Ovidium
200 2097 569 2169 Hypermuestroeepistolam
618 2107 720 2150 struere
732 2096 818 2165 possit

63 2173 215 2242 Apollodor.
227 2175 349 2228 Bibliotb.
362 2176 404 2229 lib.
417 2176 444 2229 ll
455 2196 462 2238 ς
478 2176 570 2228 Horat.
652 2176 744 2229 83.At.
754 2186 789 2231 tu.
800 2187 848 2229 etc
860 2175 905 2228 Ait
915 2173 1125 2228 Brouclrlrusius:

60 2252 107 2306 lib.
120 2253 180 2318 lll,
195 2252 247 2306 Od.
263 2270 286 2306 ιι
296 2277 302 2314 ;
321 2253 420 2326 Hygin.
430 2254 492 2306 Fab.
509 2255 569 2317 rom
619 2255 748 2308 nutricem
758 2295 764 2315 .
775 2255 883 2324 opinor,
892 2253 1026 2321 intelligit;
1037 2264 1125 2306 tamen

62 2329 203 2395 Servium,
218 2332 245 2384 in
267 2330 373 2384 AEneid.
387 2332 429 2385 lib.
445 2332 485 2386 Χ.
504 2351 570 2385 vers.
618 2333 638 2384 si
651 2332 707 2400 quis
717 2343 830 2385 matrem
839 2333 919 2386 luisse
928 2331 1086 2398 malit,cum
1094 2349 1126 2384 eo

62 2410 120 2477 497.
132 2406 270 2461 Damnate·
285 2407 411 2460 dicuntur
422 2407 490 2477 apud
505 2408 572 2460 inle—
620 2429 674 2463 non
687 2411 853 2462 contendam.

61 2506 105 2540 roe
125 2507 220 2555 aquam
239 2487 339 2540 assidue
352 2488 471 2557 ingerere
490 2487 572 2539 iuvas
653 2492 693 2542 85.
701 2492 872 2542 Hectr'br'etc.
880 2488 994 2557 Utapud
1004 2488 1127 2541 mulieres

60 2576 208 2634 pertusum.
227 2565 296 2618 llinc
321 2562 446 2634 paroimia
466 2565 572 2615 Bauar‘-
621 2567 925 2636 plerumquemorisest.
938 2565 1018 2619 Conf.
1035 2565 1128 2635 virgil.

58 2646 120 2697 hm
128 2646 223 2696 dolum
236 2642 513 2696 ...nondicitcunrtas
523 2641 572 2695 Da·
622 2644 717 2713 Georg.
738 2645 779 2699 lib.
801 2645 859 2710 lV,
878 2665 942 2699 vers.
961 2645 1027 2710 3453
1048 2641 1127 2696 Ovid-

59 2725 105 2777 nai
118 2723 184 2776 silias
201 2725 226 2776 in
245 2723 358 2777 Tartaro
376 2722 507 2790 torqueri,
526 2721 572 2775 sed
621 2725 731 2780 Metam.
744 2725 786 2778 lib.
797 2725 846 2790 1V,
859 2744 924 2778 vers.
933 2724 973 2776 32.

59 2801 116 2856 illas
136 2821 195 2871 quae
216 2806 318 2856 Venerei
333 2806 433 2855 numine
454 2811 573 2854 temera·
653 2804 693 2856 86.
711 2805 798 2857 Plena.
811 2802 950 2856 Nonnullis
962 2802 990 2853 in
1005 2799 1075 2853 libris
1088 2799 1127 2853 le-

59 2889 121 2932 rato
131 2881 255 2950 conjuges
266 2899 327 2934 suos
337 2879 505 2949 jugulassent.
520 2878 574 2930 Ea-
621 2882 690 2952 gitur
693 2887 770 2950 pleno
779 2886 850 2946 colo;
864 2880 956 2948 idque,
973 2878 1046 2946 quasi
1059 2877 1127 2930 anti·

61 2975 125 3010 rum
138 2969 214 3012 erant
231 2957 403 3027 quadraginta
419 2967 478 3010 octo
493 2975 499 3009 :
514 2956 573 3009 due
621 2960 747 3028 quitatem
758 2961 857 3024 oleret,
872 2957 981 3026 amplexi
991 2957 1126 3024 suntqui-

60 3035 136 3089 enirn
156 3034 265 3088 luerunt
282 3037 413 3100 inventae,
431 3053 504 3104 qun,
518 3054 570 3088 ue·
621 3037 701 3103 dam,
723 3056 805 3105 quum
825 3047 913 3090 tamen
931 3032 995 3086 nibil
1009 3033 1058 3101 sit,
1076 3033 1127 3086 nisi

61 3111 148 3182 glecto
157 3113 248 3180 perfidi
260 3113 466 3183 patriaimperio,
474 3113 574 3182 sponsis
620 3114 717 3166 librarii
732 3114 823 3183 lapsus.

61 3189 318 3260 euiapeperccrunn
342 3191 446 3263 Lynceo
466 3190 573 3260 quidem
653 3192 692 3262 87.
715 3195 796 3246 Circa.
817 3193 869 3246 Hic
888 3191 1016 3262 precipue
1033 3190 1129 3244 sudant

65 3268 296 3339 Hypermestra,
320 3270 465 3341 Hippolyto
485 3278 572 3321 autem
621 3271 742 3325 editores.
763 3271 879 3340 Scaliger
897 3277 966 3324 cr'rca
985 3267 1127 3338 majuscula

64 3345 193 3418 Bebryca.
215 3349 279 3400 llaec
303 3347 335 3400 ab
356 3347 468 3415 antiquie
487 3345 573 3399 bisto—
620 3350 705 3404 littera
717 3351 793 3404 scribi
803 3350 875 3412 vult;
887 3349 907 3403 is
918 3349 990 3401 enim
1000 3368 1014 3401 e
1026 3366 1129 3416 prepo-

64 3421 128 3475 rlds
140 3427 174 3476 ilo
191 3424 258 3478 tradi
273 3425 362 3479 scribit
378 3423 529 3477 Euanthiut
545 3423 574 3474 ln
620 3429 714 3483 sitione
724 3428 837 3498 puellam
850 3425 938 3490 finxit,
952 3443 1063 3492 eamque
1071 3423 1129 3476 Cir-

67 3503 200 3572 Perleges.
207 3505 326 3577 Dionysii
340 3503 514 3557 Alexandrini.
522 3504 573 3558 Bc
621 3527 692 3572 carr,
704 3517 805 3580 Κιρκιν,
817 3504 935 3574 appellat.
947 3503 982 3556 Et
992 3502 1040 3555 boc
1049 3501 1130 3554 modo

101 3582 142 3634 80.
150 3584 182 3633 Ia
192 3602 256 3634 cava
266 3587 343 3636 dolia.
354 3579 503 3648 Perlorata,
514 3600 576 3650 per·
621 3584 649 3637 in
658 3584 728 3637 idem
736 3583 829 3635 vitium
838 3581 943 3647 incidit,
953 3580 979 3632 in
989 3579 1060 3648 quod
1066 3580 1130 3632 olim

64 3670 126 3714 tusa
136 3700 143 3726 ,
161 3666 292 3736 ιιιμμὲνα.
621 3661 723 3715 inscitia
734 3660 851 3730 delapsus
861 3668 901 3713 est
908 3658 995 3711 nescio
1004 3657 1076 3726 quis,
1086 3658 1130 3725 qui

101 3743 143 3795 81.
168 3747 327 3812 Quacumque.
348 3740 420 3796 Dicit
433 3747 576 3811 quecumque
622 3743 649 3795 in
664 3738 769 3794 ecclesia
780 3739 834 3807 regi
850 3736 953 3790 adstans
964 3733 1085 3800 cuidam,
1098 3734 1130 3787 ab

64 3820 372 3885 vulueteodemsensu,
383 3819 577 3889 quomultael-
623 3841 655 3873 eo
673 3820 846 3887 interrogatus
868 3827 907 3869 est
924 3831 1044 3883 quanam
1065 3822 1131 3866 esset

65 3897 179 3952 ferimus
189 3898 306 3968 quotidie
323 3919 329 3952 ι
341 3902 429 3966 siquis
441 3898 520 3953 luerit
532 3897 576 3967 qui
622 3897 776 3969 significatio
787 3895 904 3948 vocabuli
912 3895 1124 3961 quemadmodum.

64 3977 156 4030 violet.
169 3978 302 4031 tiarn-
313 3978 374 4030 Nou
383 3995 448 4045 opus
455 3987 494 4031 est
502 3975 577 4030 lectio
624 3977 694 4049 quod
701 3975 847 4030 sacerdotes
854 3974 924 4028 inter
930 3971 1129 4045 aolennesbym·

64 4061 183 4115 violant.
199 4074 280 4125 quam
289 4065 454 4125 anteponunt
466 4053 577 4125 Vulpius
624 4074 673 4109 nos
690 4054 863 4108 cecinerant:
881 4052 923 4106 bic
942 4051 1013 4105 nulla
1027 4051 1133 4105 dubita-

66 4149 96 4190 et
111 4134 147 4187 Η.
162 4133 276 4188 Vossius.
624 4137 696 4188 tione
706 4150 795 4201 regern
808 4130 945 4200 antiquum
951 4128 1051 4190 Gallie,
1059 4146 1132 4181 eum·

101 4212 143 4263 ba.
154 4213 273 4264 Hr'lr'tias.
286 4210 411 4265 Heinsius
423 4209 578 4279 conjiciebat
624 4230 675 4280 que
683 4207 904 4279 Vercingetorigis
913 4217 1075 4263 coaetaneum
1083 4205 1130 4257 sub

67 4290 191 4351 delicias,
214 4288 259 4343 sed
276 4307 435 4358 perperam
455 4306 518 4341 narn
537 4287 579 4342 bic
625 4289 675 4344 bor.
699 4288 807 4342 nornine
831 4286 956 4342 celebrari
984 4283 1132 4338 affirmavit.

69 4369 157 4438 agitur
174 4370 207 4423 de
223 4370 314 4440 puelle
334 4361 499 4439 quocumque
514 4385 579 4423 cor·
626 4369 714 4422 Nubat
724 4369 811 4435 itaque
821 4366 968 4437 propositio
977 4371 1046 4418 circa
1057 4382 1071 4415 a
1084 4361 1132 4415 ‹lo-

70 4457 200 4517 ruptore‚
219 4448 294 4518 cujus
313 4449 422 4504 intereat
444 4446 579 4500 Tibullum
626 4457 668 4501 cto
680 4446 724 4502 illo
737 4445 869 4518 Scaligero
886 4443 957 4498 inter
972 4442 1069 4512 puellas
1086 4459 1133 4494 re-
