2550 4972
170 364 213 408 ao
492 339 641 408 ALBII
675 342 901 410 TIBULLI

166 483 235 555 Nec
255 480 349 552 docet
365 478 429 552 hoc
448 507 578 566 omnes;
597 479 651 554 sed
670 508 754 579 quos
772 509 831 554 uec
849 481 966 556 inertia
984 484 1109 574 tardat,

215 599 284 670 Nec
303 613 389 668 vetat
406 595 546 668 obscura
562 623 693 690 surgere
709 613 807 669 nocte
826 597 934 670 timor.

166 715 220 786 En
236 739 297 807 ego
316 740 419 812 quum
438 712 582 797 tenebris
599 729 667 785 tota
686 739 785 805 vagor
802 712 917 786 anxius
934 713 1035 803 urhe,
1183 733 1205 785 25

200 896 238 947 23.
249 898 303 948 Nec
310 900 382 948 docet
388 898 435 947 hoc
442 911 541 957 omnm
550 897 598 945 sed
605 912 673 961 quos.
723 909 783 944 cum
792 900 818 944 et
829 891 976 947 editionum
985 895 1138 966 scripturam
1145 913 1208 950 serre

166 974 245 1026 Unus
258 970 388 1025 Brouckb.
398 975 446 1023 sed
452 991 532 1039 quas,
547 970 673 1038 probante
724 971 827 1033 vimus;
840 982 956 1027 attamen
965 974 1064 1030 Statius
1071 988 1157 1030 contra
1163 973 1209 1028 niti·

165 1049 286 1120 Heynio:
298 1071 311 1094 r
328 1049 395 1100 Nam
409 1059 495 1100 metus
507 1047 590 1111 cadit,
602 1056 629 1098 et
641 1045 674 1099 de
724 1059 778 1112 tur;
791 1051 827 1103 ait
838 1050 910 1104 enim
922 1072 928 1106 :
938 1074 950 1097 κ
960 1064 998 1106 est
1012 1055 1039 1108 in
1051 1056 1174 1110 veteribus
1181 1054 1210 1107 li-

163 1129 194 1182 iis
210 1129 237 1180 in
252 1126 467 1180 antecedentibus
479 1136 573 1179 actum.
592 1148 605 1169 υ
619 1125 675 1177 Νο·
722 1125 790 1187 bris;
807 1133 913 1190 estable-a
931 1138 1019 1183 tamen
1045 1132 1212 1196 existimatur,

163 1202 673 1274 bisHeyniuserrarevidetur,quippe
724 1208 1049 1262 commentumenimesse
1064 1211 1215 1281 Aurispectr
1268 1212 1271 1243 ¹

164 1283 209 1351 qui
224 1300 280 1334 non
297 1280 457 1350 reputaverit
469 1278 623 1344 Tibullum,
638 1299 674 1332 vs.
723 1283 826 1350 jusdam
837 1284 939 1339 dicitur,
956 1308 968 1334 s
988 1288 1050 1342 Fuit
1062 1288 1105 1344 hic
1120 1290 1218 1360 Aurigpa

167 1379 195 1427 ¹7
206 1369 233 1411 et
248 1359 294 1424 ι8,
313 1357 428 1425 primurn
439 1355 472 1409 de
486 1357 599 1426 juvene,
614 1375 675 1408 mox
726 1362 767 1414 vir
778 1382 888 1417 summe
900 1364 1027 1421 doctrinar
1043 1368 1098 1438 qui,
1113 1380 1143 1422 ut
1156 1377 1220 1423 notat

162 1443 195 1496 de
207 1442 291 1512 puella
303 1482 310 1508 ,
323 1440 437 1509 denique
451 1439 483 1492 de
496 1439 634 1508 juvenibus
647 1447 674 1489 er
725 1439 838 1492 Broucln
852 1461 905 1493 non
920 1442 1034 1498 multum
1051 1445 1083 1499 ab
1096 1447 1170 1502 initio
1179 1466 1222 1502 ει·

162 1521 256 1593 puellis
264 1520 342 1574 simul
351 1518 517 1584 meminisse,
530 1537 601 1570 nunc
612 1535 674 1569 rcro
723 1516 773 1570 culi
783 1519 867 1587 quinti
881 1518 974 1575 decimi
983 1521 1090 1591 floruit,
1099 1544 1177 1594 seque
1187 1543 1225 1579 rav

160 1600 195 1654 ad
207 1601 326 1653 virorum
341 1597 476 1652 audaciam
491 1598 610 1651 transire.
724 1597 768 1650 riis
785 1617 845 1667 erga
858 1599 950 1652 latinas
967 1599 1058 1655 Musas
1070 1604 1170 1657 meritis
1182 1604 1225 1658 iu-

196 1681 235 1746 24.
257 1679 318 1732 Non
335 1677 409 1731 ludet
420 1696 526 1747 operam
543 1677 587 1747 qui
601 1677 673 1729 Pro·
722 1675 833 1743 signivit.
846 1675 972 1729 Attamen
985 1677 1070 1732 Statio
1081 1691 1110 1732 et
1118 1679 1226 1734 Brouck

161 1755 278 1826 pertium
290 1754 430 1808 contulerit
443 1754 485 1808 lib.
498 1754 554 1818 ΙΙΙ,
568 1752 606 1805 ΕΙ.
617 1770 674 1814 xm
723 1752 839 1807 hocloco
854 1774 947 1823 parum
963 1755 1025 1809 srdei
1036 1757 1126 1811 tribuo
1140 1778 1146 1811 ε
1158 1778 1225 1830 ρη-

161 1833 278 1904 itemque
290 1831 432 1896 Ovidium,
444 1833 577 1884 Amorum
590 1829 633 1882 lib.
643 1829 673 1895 l,
721 1831 811 1885 sertim
823 1852 906 1902 quum
921 1853 1025 1902 versus,
1041 1835 1073 1889 de
1083 1856 1136 1906 quo
1142 1857 1226 1892 sermo

162 1910 237 1980 Eleg.
249 1927 286 1962 vr.
297 1910 445 1963 Broucxrr.
722 1921 775 1978 est,
790 1913 843 1981 jam
860 1913 888 1965 in
904 1912 992 1968 codice
1010 1916 1169 1986 perantiquo
1179 1936 1226 1971 au·

196 1993 236 2044 25.
249 1992 343 2056 Errego
356 1999 404 2041 etc.
417 1987 529 2041 Veteres
541 1986 674 2040 editiones
723 1987 764 2055 glo
781 1989 881 2058 legatur
898 1991 960 2043 anni
975 1995 1053 2058 1425,
1071 2003 1100 2047 et
1117 1993 1226 2064 Aurispa

162 2077 190 2121 et
200 2067 302 2121 codices
314 2066 371 2119 lere
384 2084 476 2118 omnes
488 2063 673 2118 exhibenthoc
720 2065 830 2119 demum
847 2068 914 2121 circa
938 2069 1001 2136 1430
1023 2069 1141 2127 vixerit:
1162 2071 1224 2126 adde

160 2144 350 2206 distichon;ita
358 2144 465 2214 quidem
480 2153 509 2196 ut
522 2142 675 2196 hexameter
723 2145 793 2213 quod
806 2146 877 2200 idern
889 2167 980 2202 versus
997 2149 1025 2202 in
1042 2150 1107 2205 Pall.
1121 2170 1179 2219 sex,
1198 2151 1224 2204 in

160 2224 257 2292 ubique
271 2223 342 2277 idem
358 2230 489 2286 occurrat;
509 2230 674 2291 pentameter
724 2220 824 2276 Comei.
836 2224 923 2279 Guell.
936 2227 1004 2292 r‚3,
1015 2227 1083 2294 4,iu
1092 2227 1224 2292 Berothe,

161 2319 226 2353 vero
252 2310 323 2352 tanta
351 2300 451 2353 laboret
474 2300 620 2363 varietate,
644 2308 674 2349 ut
722 2299 924 2371 3,4,denique
938 2303 965 2354 in
977 2301 1223 2372 Vossiir,a‚3,l,

162 2396 242 2431 nemo
260 2378 371 2431 idonens
383 2378 415 2431 sit
433 2376 465 2429 ad
481 2378 555 2430 litem
569 2377 673 2446 dijudi-
720 2378 878 2432 inveniatur.
885 2381 1013 2434 Fatemur
1024 2392 1115 2437 tamen
1124 2383 1152 2436 in
1162 2402 1224 2436 non·

162 2456 283 2510 eandam.
301 2455 354 2509 Sed
369 2466 510 2525 antequam
530 2455 672 2525 eligamus,
722 2454 798 2508 nullis
821 2456 949 2508 librorum
970 2456 1059 2511 adesse
1084 2458 1224 2523 lacunam

162 2534 239 2590 nobis
249 2533 409 2603 quibusdam
421 2533 565 2587 editoribus
574 2533 674 2586 adror-
722 2535 784 2603 quin
799 2533 865 2586 adeo
876 2532 904 2587 in
917 2534 973 2588 aliis
984 2536 1142 2606 scripturam
1157 2538 1226 2592 racio

162 2632 222 2669 aum
234 2613 272 2665 ire
282 2611 400 2674 videtur;
414 2613 454 2662 isti
466 2612 539 2660 enim
548 2612 673 2662 buiclocu
723 2610 802 2662 modo
813 2610 945 2678 torqueri,
958 2622 987 2664 ut
1004 2631 1076 2665 nunc
1088 2619 1140 2682 r're,
1158 2634 1225 2669 nunt

163 2691 248 2745 cultro
258 2688 394 2741 medentes
407 2686 601 2755 maluntpoctae
608 2685 673 2739 nihil
721 2693 771 2739 isse
790 2686 904 2755 denique
921 2697 948 2740 et
964 2707 1019 2740 esse
1029 2699 1056 2743 et
1073 2694 1131 2757 ψη
1147 2712 1225 2764 repe-

163 2787 297 2840 superesse
305 2785 385 2835 quam
394 2762 489 2833 aliquid
499 2765 592 2833 spurii,
601 2784 674 2818 eum·
723 2766 832 2819 riantur.
846 2766 1051 2834 interpolatores
1067 2788 1174 2840 quoque
1190 2770 1225 2826 la·

165 2868 216 2919 que
230 2857 301 2899 veste
316 2854 415 2897 exuunt
426 2863 455 2895 ac
470 2841 623 2910 denudant,
638 2864 672 2898 ne
723 2863 818 2899 cunam
834 2846 958 2898 resarcire
976 2846 1064 2900 conati
1083 2860 1161 2915 sunt3
1176 2869 1225 2921 quo

162 2927 233 2980 lorte
241 2916 367 2975 maculata
377 2921 488 2974 incedat.
502 2920 617 2991 Scaliger
624 2923 674 2991 pri·
721 2924 829 2989 lactum,
836 2936 865 2977 ut
875 2923 932 2977 loco
939 2928 1097 2992 pentametri
1107 2927 1225 2983 Muretus

163 3001 459 3071 rnusluitquidistichon
465 3001 580 3053 exsulare
588 3000 672 3068 iussit,
723 3013 749 3055 et
761 3001 859 3055 Statius
870 3003 897 3055 in
907 3003 1062 3072 quibusdam
1074 3005 1146 3061 libris
1157 3009 1225 3063 inre·

164 3102 244 3154 quem
253 3101 314 3134 mox
320 3080 402 3133 secuti
415 3089 494 3143 sunt,
511 3078 672 3132 Brouekhus.
722 3082 809 3134 nerint
821 3101 826 3134 :
838 3103 851 3127 s
863 3081 989 3136 Presidio
997 3084 1081 3137 noctis
1087 3087 1173 3140 sentio
1181 3087 1224 3140 ad·

162 3161 286 3233 Vulpius,
298 3159 431 3232 Heynius,
441 3177 555 3227 quorum
565 3158 672 3212 ultimus
721 3178 774 3212 csse
788 3157 892 3211 dcam.»
906 3160 938 3212 ln
948 3158 1089 3214 Wittiauo
1098 3163 1179 3233 priori
1186 3162 1225 3217 ad·

163 3250 253 3294 tamen
270 3238 449 3291 hexametrum
463 3238 491 3288 in
505 3235 673 3291 Observatio·
721 3235 1224 3307 estanonmibinoctequies,nonmihi

163 3316 242 3370 nibus
253 3315 386 3368 sincerum
399 3333 453 3366 esse
472 3323 554 3383 putat.
571 3312 671 3380 Certo,
723 3323 798 3366 nocte
808 3312 1065 3381 sopor.»Sedinhoc
1074 3318 1138 3372 etin
1145 3319 1224 3374 attero

164 3395 315 3449 hexameter
323 3395 343 3447 si
356 3392 447 3446 eadem
460 3392 583 3446 varietate
591 3394 673 3462 agita·
721 3392 820 3445 Wittii
832 3390 918 3444 codice
930 3410 979 3460 pro
988 3390 1090 3448 diversa
1100 3394 1225 3461 lectione,

165 3484 239 3527 retur
256 3493 307 3543 qua
323 3484 507 3540 pentameter,
522 3472 608 3526 nullus
620 3473 672 3526 du·
723 3463 1226 3540 inmargineappinxeratrecentiormar

163 3554 275 3618 hilaret,
301 3553 365 3620 quin
388 3553 520 3623 integrum
543 3552 671 3607 distichon
720 3569 892 3602 nussecurum
908 3555 1053 3603 intenebris
1070 3564 1121 3607 etc.
1138 3556 1171 3609 ln
1182 3573 1225 3609 eo·

165 3631 329 3686 eradendum
346 3642 427 3697 esset,
442 3632 487 3685 sed
499 3631 540 3685 ille
552 3631 599 3684 sihi
613 3632 672 3685 ubi·
721 3628 776 3681 dice
788 3629 863 3698 paris.
879 3627 974 3697 legitur
985 3628 1018 3681 ab
1032 3630 1128 3684 eadem
1147 3650 1226 3685 mauu

165 3730 217 3781 que
226 3719 326 3764 constat
336 3748 344 3773 ,
354 3720 382 3762 ut
391 3711 534 3762 necessario
543 3707 672 3776 legitimus
721 3727 778 3777 quse
787 3707 904 3760 codicem
915 3707 1062 3778 descripsit.
1081 3710 1227 3778 adjectum:

166 3786 338 3842 declarandus
352 3788 392 3840 sit.
412 3786 477 3854 Quo
492 3787 577 3848 lacto,
591 3804 672 3837 nemo
722 3809 736 3833 «ι
752 3787 800 3840 llle
820 3786 884 3840 deus
906 3799 984 3842 certre
1006 3787 1051 3841 dat
1069 3788 1136 3843 mihi
1156 3791 1227 3861 signs

166 3867 217 3921 erit
228 3866 292 3934 quin
306 3874 427 3932 agnoscat
438 3863 572 3916 Tibullum
583 3874 673 3932 penta-
721 3868 776 3921 via,
786 3891 797 3913 n
808 3868 944 3921 Pomanus
952 3867 1159 3937 denique,cuju,
1168 3869 1228 3922 libe·

167 3956 284 3999 metrum
296 3942 448 3997 hexametro
458 3941 614 3996 submisisse.
625 3940 673 3995 Su·
722 3945 852 3998 ralitatem
872 3945 1004 3999 damnavit
1022 3947 1075 4016 ipse
1096 3946 1225 4002 Bronehh.

166 4033 254 4093 perest
265 4023 351 4091 itaque
362 4059 370 4085 ,
391 4030 420 4072 ut
442 4018 575 4071 videamus
593 4019 673 4087 qualis
721 4032 825 4090 poetam
834 4020 884 4074 alio
894 4042 971 4077 versu
979 4023 1102 4079 donavit:
1112 4047 1126 4072 «
1136 4027 1224 4096 Usque

166 4099 249 4154 luerit
266 4100 308 4154 ille
326 4117 421 4153 renus.
434 4097 580 4167 Antiquam
592 4097 671 4152 codi-
721 4118 812 4153 meum
819 4099 1016 4156 custosadlatus
1023 4101 1105 4159 haret
1112 4104 1222 4159 Amce·
