<?xml version="1.0" encoding="UTF-8"?>
<!DOCTYPE html PUBLIC "-//W3C//DTD XHTML 1.0 Transitional//EN"
    "http://www.w3.org/TR/xhtml1/DTD/xhtml1-transitional.dtd">
<html xmlns="http://www.w3.org/1999/xhtml" xml:lang="en" lang="en">
 <head>
  <title>
</title>
<meta http-equiv="Content-Type" content="text/html;charset=utf-8" />
  <meta name='ocr-system' content='tesseract 3.04.00' />
  <meta name='ocr-capabilities' content='ocr_page ocr_carea ocr_par ocr_line ocrx_word'/>
</head>
<body>
  <div class='ocr_page' id='page_1' title='image "albiitibulliqua02golbgoog_0105.png"; bbox 0 0 2550 4972; ppageno 0'>
   <div class='ocr_carea' id='block_1_1' title="bbox 109 314 959 404">
    <p class='ocr_par' dir='ltr' id='par_1_1' title="bbox 109 314 959 404">
     <span class='ocr_line' id='line_1_1' title="bbox 109 314 959 404; baseline -0.013 -21"><span class='ocrx_word' id='word_1_1' title='bbox 109 319 175 404; x_wconf 76' lang='lat' dir='ltr'><strong>cviij</strong></span> <span class='ocrx_word' id='word_1_2' title='bbox 320 314 609 378; x_wconf 84' lang='lat' dir='ltr'><strong>ELEGIARUM</strong></span> <span class='ocrx_word' id='word_1_3' title='bbox 639 315 959 387; x_wconf 73' lang='lat' dir='ltr'><strong>ARGUMENTA.</strong></span> 
     </span>
    </p>
   </div>
   <div class='ocr_carea' id='block_1_2' title="bbox 109 447 1207 932">
    <p class='ocr_par' dir='ltr' id='par_1_2' title="bbox 109 447 1207 932">
     <span class='ocr_line' id='line_1_2' title="bbox 109 447 1153 533; baseline -0.009 -19"><span class='ocrx_word' id='word_1_4' title='bbox 109 449 270 530; x_wconf 77' lang='lat' dir='ltr'><strong>pervenerit</strong></span> <span class='ocrx_word' id='word_1_5' title='bbox 286 462 319 511; x_wconf 89' lang='lat' dir='ltr'><strong>ut</strong></span> <span class='ocrx_word' id='word_1_6' title='bbox 340 449 425 512; x_wconf 76' lang='lat' dir='ltr'><strong>etiem</strong></span> <span class='ocrx_word' id='word_1_7' title='bbox 442 450 504 510; x_wconf 87' lang='lat' dir='ltr'><strong>sine</strong></span> <span class='ocrx_word' id='word_1_8' title='bbox 519 447 600 510; x_wconf 81' lang='lat' dir='ltr'><strong>Delia</strong></span> <span class='ocrx_word' id='word_1_9' title='bbox 614 447 709 510; x_wconf 81' lang='lat' dir='ltr'><strong>vivere</strong></span> <span class='ocrx_word' id='word_1_10' title='bbox 723 461 842 527; x_wconf 87' lang='lat' dir='ltr'><strong>posset,</strong></span> <span class='ocrx_word' id='word_1_11' title='bbox 865 470 948 530; x_wconf 85' lang='lat' dir='ltr'><strong>quun</strong></span> <span class='ocrx_word' id='word_1_12' title='bbox 963 447 1060 533; x_wconf 74' lang='lat' dir='ltr'><strong>(eleg.</strong></span> <span class='ocrx_word' id='word_1_13' title='bbox 1074 465 1096 508; x_wconf 94' lang='grc' dir='ltr'><strong>ιι</strong></span> <span class='ocrx_word' id='word_1_14' title='bbox 1107 489 1115 521; x_wconf 91' lang='lat'><strong>,</strong></span> <span class='ocrx_word' id='word_1_15' title='bbox 1126 463 1153 515; x_wconf 84' lang='grc' dir='ltr'>ι,</span> 
     </span>
     <span class='ocr_line' id='line_1_3' title="bbox 110 543 1207 631; baseline -0.001 -21"><span class='ocrx_word' id='word_1_16' title='bbox 110 568 163 626; x_wconf 78' lang='grc' dir='ltr'>ιιι,</span> <span class='ocrx_word' id='word_1_17' title='bbox 183 551 231 613; x_wconf 78' lang='lat' dir='ltr'><strong>lssi.</strong></span> <span class='ocrx_word' id='word_1_18' title='bbox 247 554 283 629; x_wconf 85' lang='lat' dir='ltr'><strong>l)</strong></span> <span class='ocrx_word' id='word_1_19' title='bbox 302 550 418 623; x_wconf 89' lang='lat' dir='ltr'><strong>denuo,</strong></span> <span class='ocrx_word' id='word_1_20' title='bbox 440 549 508 611; x_wconf 91' lang='lat' dir='ltr'><strong>licet</strong></span> <span class='ocrx_word' id='word_1_21' title='bbox 524 560 656 631; x_wconf 78' lang='lat' dir='ltr'><strong>nuptam,</strong></span> <span class='ocrx_word' id='word_1_22' title='bbox 677 547 707 608; x_wconf 93' lang='lat' dir='ltr'><strong>in</strong></span> <span class='ocrx_word' id='word_1_23' title='bbox 725 547 833 609; x_wconf 84' lang='lat' dir='ltr'><strong>deliciis</strong></span> <span class='ocrx_word' id='word_1_24' title='bbox 850 547 968 625; x_wconf 81' lang='lat' dir='ltr'><strong>habuit,</strong></span> <span class='ocrx_word' id='word_1_25' title='bbox 981 570 1044 611; x_wconf 90' lang='lat' dir='ltr'><strong>non</strong></span> <span class='ocrx_word' id='word_1_26' title='bbox 1059 543 1155 629; x_wconf 74' lang='lat' dir='ltr'><strong>juvenili</strong></span> <span class='ocrx_word' id='word_1_27' title='bbox 1205 552 1207 557; x_wconf 78' lang='lat'>&#39;</span> 
     </span>
     <span class='ocr_line' id='line_1_4' title="bbox 111 645 1156 733; baseline -0.004 -23"><span class='ocrx_word' id='word_1_28' title='bbox 111 649 226 731; x_wconf 82' lang='lat' dir='ltr'><strong>quitlcm</strong></span> <span class='ocrx_word' id='word_1_29' title='bbox 241 661 272 712; x_wconf 85' lang='lat' dir='ltr'><strong>et</strong></span> <span class='ocrx_word' id='word_1_30' title='bbox 286 671 361 727; x_wconf 94' lang='lat' dir='ltr'><strong>puro</strong></span> <span class='ocrx_word' id='word_1_31' title='bbox 380 648 460 733; x_wconf 79' lang='lat' dir='ltr'><strong>igni,</strong></span> <span class='ocrx_word' id='word_1_32' title='bbox 486 649 536 710; x_wconf 88' lang='lat' dir='ltr'><strong>sed</strong></span> <span class='ocrx_word' id='word_1_33' title='bbox 550 647 706 710; x_wconf 88' lang='lat' dir='ltr'><strong>libidinoso</strong></span> <span class='ocrx_word' id='word_1_34' title='bbox 722 659 752 709; x_wconf 89' lang='lat' dir='ltr'><strong>et</strong></span> <span class='ocrx_word' id='word_1_35' title='bbox 771 646 894 723; x_wconf 75' lang='lat' dir='ltr'><strong>lesciv03</strong></span> <span class='ocrx_word' id='word_1_36' title='bbox 907 645 1001 725; x_wconf 73' lang='lat' dir='ltr'><strong>puella</strong></span> <span class='ocrx_word' id='word_1_37' title='bbox 1013 647 1069 729; x_wconf 75' lang='lat' dir='ltr'><strong>jam</strong></span> <span class='ocrx_word' id='word_1_38' title='bbox 1081 647 1156 724; x_wconf 82' lang='lat' dir='ltr'><strong>plures</strong></span> 
     </span>
     <span class='ocr_line' id='line_1_5' title="bbox 109 742 1158 827; baseline -0.007 -19"><span class='ocrx_word' id='word_1_39' title='bbox 109 745 291 808; x_wconf 80' lang='lat' dir='ltr'><strong>admittente:</strong></span> <span class='ocrx_word' id='word_1_40' title='bbox 307 747 357 804; x_wconf 87' lang='lat' dir='ltr'><strong>illa</strong></span> <span class='ocrx_word' id='word_1_41' title='bbox 371 747 483 827; x_wconf 82' lang='lat' dir='ltr'><strong>quidem</strong></span> <span class='ocrx_word' id='word_1_42' title='bbox 498 755 557 805; x_wconf 77' lang='lat' dir='ltr'><strong>tuns</strong></span> <span class='ocrx_word' id='word_1_43' title='bbox 573 747 662 805; x_wconf 79' lang='lat' dir='ltr'><strong>multo</strong></span> <span class='ocrx_word' id='word_1_44' title='bbox 678 755 789 823; x_wconf 70' lang='lat' dir='ltr'><strong>negat...</strong></span> <span class='ocrx_word' id='word_1_45' title='bbox 801 747 843 804; x_wconf 84' lang='lat' dir='ltr'><strong>sic</strong></span> <span class='ocrx_word' id='word_1_46' title='bbox 857 746 943 804; x_wconf 78' lang='lat' dir='ltr'><strong>etium</strong></span> <span class='ocrx_word' id='word_1_47' title='bbox 957 742 1037 802; x_wconf 79' lang='lat' dir='ltr'><strong>denne</strong></span> <span class='ocrx_word' id='word_1_48' title='bbox 1045 747 1158 824; x_wconf 61' lang='lat' dir='ltr'><strong>potegit</strong></span> 
     </span>
     <span class='ocr_line' id='line_1_6' title="bbox 111 844 941 932; baseline -0.006 -24"><span class='ocrx_word' id='word_1_49' title='bbox 111 870 197 930; x_wconf 78' lang='lat' dir='ltr'><strong>usque</strong></span> <span class='ocrx_word' id='word_1_50' title='bbox 207 848 279 911; x_wconf 64' lang='lat' dir='ltr'><strong>eim.</strong></span> <span class='ocrx_word' id='word_1_51' title='bbox 295 848 378 908; x_wconf 86' lang='lat' dir='ltr'><strong>Hanc</strong></span> <span class='ocrx_word' id='word_1_52' title='bbox 390 845 508 932; x_wconf 74' lang='lat' dir='ltr'><strong>elegiam</strong></span> <span class='ocrx_word' id='word_1_53' title='bbox 521 869 585 908; x_wconf 89' lang='lat' dir='ltr'><strong>cum</strong></span> <span class='ocrx_word' id='word_1_54' title='bbox 596 857 671 906; x_wconf 78' lang='lat' dir='ltr'><strong>sexte</strong></span> <span class='ocrx_word' id='word_1_55' title='bbox 684 846 792 928; x_wconf 83' lang='lat' dir='ltr'><strong>quintae</strong></span> <span class='ocrx_word' id='word_1_56' title='bbox 803 844 941 928; x_wconf 76' lang='lat' dir='ltr'><strong>proefigss.</strong></span> 
     </span>
    </p>
   </div>
   <div class='ocr_carea' id='block_1_3' title="bbox 112 1012 1157 1052">
    <p class='ocr_par' dir='ltr' id='par_1_3' title="bbox 112 1012 1157 1052">
     <span class='ocr_line' id='line_1_7' title="bbox 112 1012 1157 1052; baseline -0.006 0"><span class='ocrx_word' id='word_1_57' title='bbox 112 1012 1157 1052; x_wconf 46' lang='grc' dir='ltr'><strong>..ξω-*ἔξεις</strong></span> 
     </span>
    </p>
   </div>
   <div class='ocr_carea' id='block_1_4' title="bbox 320 1160 971 1287">
    <p class='ocr_par' dir='ltr' id='par_1_4' title="bbox 320 1160 971 1287">
     <span class='ocr_line' id='line_1_8' title="bbox 320 1160 971 1287; baseline -0.003 -19"><span class='ocrx_word' id='word_1_58' title='bbox 320 1160 547 1268; x_wconf 88' lang='lat' dir='ltr'>LIBER</span> <span class='ocrx_word' id='word_1_59' title='bbox 583 1160 971 1287; x_wconf 85' lang='lat' dir='ltr'><strong>QUARTUS.</strong></span> 
     </span>
    </p>
   </div>
   <div class='ocr_carea' id='block_1_5' title="bbox 506 1368 794 1399">
    <p class='ocr_par' dir='ltr' id='par_1_5' title="bbox 506 1368 794 1399">
     <span class='ocr_line' id='line_1_9' title="bbox 506 1368 794 1399; baseline -0.003 -1"><span class='ocrx_word' id='word_1_60' title='bbox 506 1368 794 1399; x_wconf 45' lang='grc' dir='ltr'><strong>-Φ-</strong></span> 
     </span>
    </p>
   </div>
   <div class='ocr_carea' id='block_1_6' title="bbox 202 1513 1092 1591">
    <p class='ocr_par' dir='ltr' id='par_1_6' title="bbox 202 1513 1092 1591">
     <span class='ocr_line' id='line_1_10' title="bbox 202 1513 1092 1591; baseline -0.006 0"><span class='ocrx_word' id='word_1_61' title='bbox 202 1516 432 1591; x_wconf 84' lang='lat' dir='ltr'><strong>CARMEN</strong></span> <span class='ocrx_word' id='word_1_62' title='bbox 457 1514 682 1587; x_wconf 87' lang='lat' dir='ltr'><strong>PRIMUM</strong></span> <span class='ocrx_word' id='word_1_63' title='bbox 707 1515 762 1588; x_wconf 86' lang='lat' dir='ltr'><strong>IN</strong></span> <span class='ocrx_word' id='word_1_64' title='bbox 787 1513 1092 1587; x_wconf 82' lang='lat' dir='ltr'><strong>MESSALAM.</strong></span> 
     </span>
    </p>
   </div>
   <div class='ocr_carea' id='block_1_7' title="bbox 111 1687 1194 2385">
    <p class='ocr_par' dir='ltr' id='par_1_7' title="bbox 111 1687 1194 2385">
     <span class='ocr_line' id='line_1_11' title="bbox 153 1687 1164 1774; baseline -0.003 -23"><span class='ocrx_word' id='word_1_65' title='bbox 153 1690 281 1751; x_wconf 91' lang='lat' dir='ltr'><strong>Primum</strong></span> <span class='ocrx_word' id='word_1_66' title='bbox 298 1700 411 1751; x_wconf 80' lang='lat' dir='ltr'><strong>excusat</strong></span> <span class='ocrx_word' id='word_1_67' title='bbox 430 1687 595 1750; x_wconf 72' lang='lat' dir='ltr'><strong>tenuitatem</strong></span> <span class='ocrx_word' id='word_1_68' title='bbox 613 1688 722 1774; x_wconf 84' lang='lat' dir='ltr'><strong>ingenii</strong></span> <span class='ocrx_word' id='word_1_69' title='bbox 740 1687 794 1750; x_wconf 87' lang='lat' dir='ltr'><strong>sni.</strong></span> <span class='ocrx_word' id='word_1_70' title='bbox 821 1688 893 1750; x_wconf 83' lang='lat' dir='ltr'><strong>Inde</strong></span> <span class='ocrx_word' id='word_1_71' title='bbox 915 1688 1026 1750; x_wconf 74' lang='lat' dir='ltr'><strong>laude·</strong></span> <span class='ocrx_word' id='word_1_72' title='bbox 1041 1687 1164 1750; x_wconf 76' lang='lat' dir='ltr'><strong>orditurt</strong></span> 
     </span>
     <span class='ocr_line' id='line_1_12' title="bbox 112 1787 1194 1878; baseline -0.004 -23"><span class='ocrx_word' id='word_1_73' title='bbox 112 1792 251 1855; x_wconf 83' lang='lat' dir='ltr'><strong>virtutum</strong></span> <span class='ocrx_word' id='word_1_74' title='bbox 272 1791 494 1873; x_wconf 65' lang='lat' dir='ltr'><strong>predicatione,</strong></span> <span class='ocrx_word' id='word_1_75' title='bbox 517 1789 631 1872; x_wconf 75' lang='lat' dir='ltr'><strong>quasin</strong></span> <span class='ocrx_word' id='word_1_76' title='bbox 655 1803 809 1852; x_wconf 76' lang='lat' dir='ltr'>castrenses</span> <span class='ocrx_word' id='word_1_77' title='bbox 826 1802 856 1851; x_wconf 88' lang='lat' dir='ltr'><strong>et</strong></span> <span class='ocrx_word' id='word_1_78' title='bbox 876 1790 1005 1852; x_wconf 77' lang='lat' dir='ltr'><strong>forenses</strong></span> <span class='ocrx_word' id='word_1_79' title='bbox 1028 1787 1163 1872; x_wconf 70' lang='lat' dir='ltr'><strong>disperit:</strong></span> <span class='ocrx_word' id='word_1_80' title='bbox 1190 1866 1194 1878; x_wconf 92' lang='lat'>.</span> 
     </span>
     <span class='ocr_line' id='line_1_13' title="bbox 113 1888 1165 1973; baseline -0.009 -19"><span class='ocrx_word' id='word_1_81' title='bbox 113 1890 607 1973; x_wconf 75' lang='lat' dir='ltr'><strong>comparatMessrlamcumUlysse3</strong></span> <span class='ocrx_word' id='word_1_82' title='bbox 618 1891 698 1971; x_wconf 83' lang='lat' dir='ltr'><strong>cnjus</strong></span> <span class='ocrx_word' id='word_1_83' title='bbox 708 1891 854 1951; x_wconf 87' lang='lat' dir='ltr'><strong>mentione</strong></span> <span class='ocrx_word' id='word_1_84' title='bbox 864 1888 1165 1967; x_wconf 61' lang='lat' dir='ltr'><strong>feminarumque</strong></span> 
     </span>
     <span class='ocr_line' id='line_1_14' title="bbox 113 1984 1166 2078; baseline -0.005 -23"><span class='ocrx_word' id='word_1_85' title='bbox 113 2004 253 2078; x_wconf 75' lang='lat' dir='ltr'><strong>evagatur.</strong></span> <span class='ocrx_word' id='word_1_86' title='bbox 270 1992 507 2055; x_wconf 78' lang='lat' dir='ltr'><strong>Commemoratis</strong></span> <span class='ocrx_word' id='word_1_87' title='bbox 518 2003 617 2074; x_wconf 78' lang='lat' dir='ltr'><strong>postea</strong></span> <span class='ocrx_word' id='word_1_88' title='bbox 628 1991 758 2074; x_wconf 87' lang='lat' dir='ltr'><strong>populis,</strong></span> <span class='ocrx_word' id='word_1_89' title='bbox 769 2014 805 2055; x_wconf 81' lang='lat' dir='ltr'><strong>ex</strong></span> <span class='ocrx_word' id='word_1_90' title='bbox 820 1991 923 2074; x_wconf 87' lang='lat' dir='ltr'><strong>quibus</strong></span> <span class='ocrx_word' id='word_1_91' title='bbox 932 1991 1096 2069; x_wconf 86' lang='lat' dir='ltr'><strong>triumphos</strong></span> <span class='ocrx_word' id='word_1_92' title='bbox 1106 1984 1166 2049; x_wconf 84' lang='lat' dir='ltr'><strong>lull·</strong></span> 
     </span>
     <span class='ocr_line' id='line_1_15' title="bbox 111 2091 1166 2176; baseline -0.001 -21"><span class='ocrx_word' id='word_1_93' title='bbox 111 2109 193 2155; x_wconf 84' lang='lat' dir='ltr'><strong>turus</strong></span> <span class='ocrx_word' id='word_1_94' title='bbox 207 2105 281 2158; x_wconf 88' lang='lat' dir='ltr'><strong>esset</strong></span> <span class='ocrx_word' id='word_1_95' title='bbox 295 2093 430 2167; x_wconf 81' lang='lat' dir='ltr'><strong>Messala,</strong></span> <span class='ocrx_word' id='word_1_96' title='bbox 445 2092 545 2155; x_wconf 83' lang='lat' dir='ltr'><strong>incidit</strong></span> <span class='ocrx_word' id='word_1_97' title='bbox 560 2104 644 2170; x_wconf 74' lang='lat' dir='ltr'><strong>poeta</strong></span> <span class='ocrx_word' id='word_1_98' title='bbox 659 2092 690 2152; x_wconf 90' lang='lat' dir='ltr'><strong>in</strong></span> <span class='ocrx_word' id='word_1_99' title='bbox 706 2092 927 2176; x_wconf 77' lang='lat' dir='ltr'><strong>descriptionem</strong></span> <span class='ocrx_word' id='word_1_100' title='bbox 942 2091 1020 2154; x_wconf 88' lang='lat' dir='ltr'><strong>orbis</strong></span> <span class='ocrx_word' id='word_1_101' title='bbox 1035 2104 1166 2154; x_wconf 72' lang='lat' dir='ltr'><strong>terrum</strong></span> 
     </span>
     <span class='ocr_line' id='line_1_16' title="bbox 112 2194 1166 2278; baseline -0.003 -21"><span class='ocrx_word' id='word_1_102' title='bbox 112 2196 245 2278; x_wconf 89' lang='lat' dir='ltr'><strong>Denique</strong></span> <span class='ocrx_word' id='word_1_103' title='bbox 259 2195 402 2258; x_wconf 77' lang='lat' dir='ltr'><strong>addictum</strong></span> <span class='ocrx_word' id='word_1_104' title='bbox 418 2195 545 2261; x_wconf 83' lang='lat' dir='ltr'><strong>Messelae</strong></span> <span class='ocrx_word' id='word_1_105' title='bbox 562 2217 592 2257; x_wconf 91' lang='lat' dir='ltr'><strong>se</strong></span> <span class='ocrx_word' id='word_1_106' title='bbox 606 2194 757 2272; x_wconf 87' lang='lat' dir='ltr'><strong>profitetur</strong></span> <span class='ocrx_word' id='word_1_107' title='bbox 773 2195 805 2258; x_wconf 90' lang='lat' dir='ltr'><strong>in</strong></span> <span class='ocrx_word' id='word_1_108' title='bbox 822 2206 1001 2277; x_wconf 84' lang='lat' dir='ltr'><strong>perpetuum.</strong></span> <span class='ocrx_word' id='word_1_109' title='bbox 1027 2194 1060 2255; x_wconf 90' lang='lat' dir='ltr'><strong>Si</strong></span> <span class='ocrx_word' id='word_1_110' title='bbox 1076 2209 1166 2276; x_wconf 61' lang='lat' dir='ltr'><strong>quiere</strong></span> 
     </span>
     <span class='ocr_line' id='line_1_17' title="bbox 112 2292 1166 2385; baseline -0.002 -29"><span class='ocrx_word' id='word_1_111' title='bbox 112 2318 172 2385; x_wconf 80' lang='lat' dir='ltr'><strong>quo</strong></span> <span class='ocrx_word' id='word_1_112' title='bbox 184 2308 314 2383; x_wconf 88' lang='lat' dir='ltr'><strong>tempore</strong></span> <span class='ocrx_word' id='word_1_113' title='bbox 324 2297 381 2357; x_wconf 88' lang='lat' dir='ltr'><strong>boc</strong></span> <span class='ocrx_word' id='word_1_114' title='bbox 389 2316 500 2359; x_wconf 82' lang='lat' dir='ltr'><strong>carmen</strong></span> <span class='ocrx_word' id='word_1_115' title='bbox 509 2293 654 2376; x_wconf 78' lang='lat' dir='ltr'><strong>scripserit</strong></span> <span class='ocrx_word' id='word_1_116' title='bbox 664 2292 812 2370; x_wconf 86' lang='lat' dir='ltr'><strong>Tibullus,</strong></span> <span class='ocrx_word' id='word_1_117' title='bbox 823 2293 1020 2378; x_wconf 82' lang='lat' dir='ltr'><strong>respondebo,</strong></span> <span class='ocrx_word' id='word_1_118' title='bbox 1030 2311 1166 2377; x_wconf 79' lang='lat' dir='ltr'><strong>nuoquun·</strong></span> 
     </span>
    </p>
   </div>
   <div class='ocr_carea' id='block_1_8' title="bbox 490 2477 806 2552">
    <p class='ocr_par' dir='ltr' id='par_1_8' title="bbox 490 2477 806 2552">
     <span class='ocr_line' id='line_1_18' title="bbox 490 2477 806 2552; baseline -0.016 -1"><span class='ocrx_word' id='word_1_119' title='bbox 490 2477 721 2552; x_wconf 84' lang='lat' dir='ltr'><strong>CARMEN</strong></span> <span class='ocrx_word' id='word_1_120' title='bbox 756 2479 806 2550; x_wconf 95' lang='lat' dir='ltr'><strong>ll.</strong></span> 
     </span>
    </p>
   </div>
   <div class='ocr_carea' id='block_1_9' title="bbox 114 2649 1169 3033">
    <p class='ocr_par' dir='ltr' id='par_1_9' title="bbox 114 2649 1169 3033">
     <span class='ocr_line' id='line_1_19' title="bbox 155 2649 1167 2737; baseline 0.004 -24"><span class='ocrx_word' id='word_1_121' title='bbox 155 2649 308 2733; x_wconf 78' lang='lat' dir='ltr'><strong>Sulpiciam</strong></span> <span class='ocrx_word' id='word_1_122' title='bbox 317 2650 410 2711; x_wconf 71' lang='lat' dir='ltr'><strong>laudnt</strong></span> <span class='ocrx_word' id='word_1_123' title='bbox 420 2693 429 2724; x_wconf 95' lang='lat'><strong>,</strong></span> <span class='ocrx_word' id='word_1_124' title='bbox 441 2651 661 2729; x_wconf 79' lang='lat' dir='ltr'><strong>pulcherrimam</strong></span> <span class='ocrx_word' id='word_1_125' title='bbox 672 2664 701 2714; x_wconf 87' lang='lat' dir='ltr'><strong>et</strong></span> <span class='ocrx_word' id='word_1_126' title='bbox 710 2653 940 2736; x_wconf 76' lang='lat' dir='ltr'><strong>jucundissimam</strong></span> <span class='ocrx_word' id='word_1_127' title='bbox 952 2652 1091 2736; x_wconf 82' lang='lat' dir='ltr'><strong>puellum,</strong></span> <span class='ocrx_word' id='word_1_128' title='bbox 1101 2671 1167 2737; x_wconf 69' lang='lat' dir='ltr'><strong>quw</strong></span> 
     </span>
     <span class='ocr_line' id='line_1_20' title="bbox 114 2749 1167 2837; baseline -0.003 -22"><span class='ocrx_word' id='word_1_129' title='bbox 114 2751 271 2815; x_wconf 73' lang='lat' dir='ltr'><strong>Corinthus</strong></span> <span class='ocrx_word' id='word_1_130' title='bbox 289 2749 452 2834; x_wconf 74' lang='lat' dir='ltr'><strong>deperilut,</strong></span> <span class='ocrx_word' id='word_1_131' title='bbox 470 2763 571 2813; x_wconf 88' lang='lat' dir='ltr'><strong>mutuo</strong></span> <span class='ocrx_word' id='word_1_132' title='bbox 586 2773 683 2815; x_wconf 79' lang='lat' dir='ltr'><strong>amore</strong></span> <span class='ocrx_word' id='word_1_133' title='bbox 697 2753 805 2815; x_wconf 79' lang='lat' dir='ltr'><strong>lruens·</strong></span> <span class='ocrx_word' id='word_1_134' title='bbox 823 2756 943 2814; x_wconf 87' lang='lat' dir='ltr'><strong>Martem</strong></span> <span class='ocrx_word' id='word_1_135' title='bbox 958 2754 1079 2818; x_wconf 75' lang='lat' dir='ltr'><strong>advocat</strong></span> <span class='ocrx_word' id='word_1_136' title='bbox 1091 2755 1167 2837; x_wconf 86' lang='lat' dir='ltr'><strong>ipsun</strong></span> 
     </span>
     <span class='ocr_line' id='line_1_21' title="bbox 115 2850 1169 2938; baseline -0.001 -25"><span class='ocrx_word' id='word_1_137' title='bbox 115 2851 234 2916; x_wconf 73' lang='lat' dir='ltr'><strong>utillum</strong></span> <span class='ocrx_word' id='word_1_138' title='bbox 248 2852 343 2913; x_wconf 81' lang='lat' dir='ltr'><strong>mirari</strong></span> <span class='ocrx_word' id='word_1_139' title='bbox 352 2852 444 2930; x_wconf 87' lang='lat' dir='ltr'><strong>possit</strong></span> <span class='ocrx_word' id='word_1_140' title='bbox 454 2850 585 2913; x_wconf 71' lang='lat' dir='ltr'><strong>kalendas</strong></span> <span class='ocrx_word' id='word_1_141' title='bbox 599 2851 713 2913; x_wconf 81' lang='lat' dir='ltr'><strong>lllartias</strong></span> <span class='ocrx_word' id='word_1_142' title='bbox 725 2852 760 2913; x_wconf 86' lang='lat' dir='ltr'><strong>dc</strong></span> <span class='ocrx_word' id='word_1_143' title='bbox 773 2874 853 2914; x_wconf 90' lang='lat' dir='ltr'><strong>more</strong></span> <span class='ocrx_word' id='word_1_144' title='bbox 865 2853 1069 2927; x_wconf 68' lang='lat' dir='ltr'><strong>celebrantem</strong></span> <span class='ocrx_word' id='word_1_145' title='bbox 1086 2863 1169 2938; x_wconf 79' lang='lat' dir='ltr'><strong>postu</strong></span> 
     </span>
     <span class='ocr_line' id='line_1_22' title="bbox 115 2949 765 3033; baseline -0.009 -17"><span class='ocrx_word' id='word_1_146' title='bbox 115 2963 182 3017; x_wconf 76' lang='lat' dir='ltr'><strong>vote</strong></span> <span class='ocrx_word' id='word_1_147' title='bbox 196 2950 314 3031; x_wconf 87' lang='lat' dir='ltr'><strong>suscipit</strong></span> <span class='ocrx_word' id='word_1_148' title='bbox 327 2973 381 3030; x_wconf 91' lang='lat' dir='ltr'><strong>pro</strong></span> <span class='ocrx_word' id='word_1_149' title='bbox 396 2951 480 3033; x_wconf 84' lang='lat' dir='ltr'><strong>hujus</strong></span> <span class='ocrx_word' id='word_1_150' title='bbox 494 2949 559 3014; x_wconf 79' lang='lat' dir='ltr'><strong>sesti</strong></span> <span class='ocrx_word' id='word_1_151' title='bbox 574 2951 649 3014; x_wconf 86' lang='lat' dir='ltr'><strong>ielici</strong></span> <span class='ocrx_word' id='word_1_152' title='bbox 662 2951 765 3014; x_wconf 85' lang='lat' dir='ltr'><strong>reditu.</strong></span> 
     </span>
    </p>
   </div>
   <div class='ocr_carea' id='block_1_10' title="bbox 488 3138 823 3217">
    <p class='ocr_par' dir='ltr' id='par_1_10' title="bbox 488 3138 823 3217">
     <span class='ocr_line' id='line_1_23' title="bbox 488 3138 823 3217; baseline -0.003 -4"><span class='ocrx_word' id='word_1_153' title='bbox 488 3138 714 3217; x_wconf 82' lang='lat' dir='ltr'><strong>CARMEN</strong></span> <span class='ocrx_word' id='word_1_154' title='bbox 749 3141 823 3213; x_wconf 90' lang='lat' dir='ltr'><strong>Ill.</strong></span> 
     </span>
    </p>
   </div>
   <div class='ocr_carea' id='block_1_11' title="bbox 112 3313 1184 3782">
    <p class='ocr_par' dir='ltr' id='par_1_11' title="bbox 112 3313 1184 3782">
     <span class='ocr_line' id='line_1_24' title="bbox 155 3313 1175 3399; baseline -0.004 -19"><span class='ocrx_word' id='word_1_155' title='bbox 155 3317 295 3395; x_wconf 87' lang='lat' dir='ltr'><strong>Queritur</strong></span> <span class='ocrx_word' id='word_1_156' title='bbox 310 3313 454 3399; x_wconf 77' lang='lat' dir='ltr'><strong>Sulpicia,</strong></span> <span class='ocrx_word' id='word_1_157' title='bbox 473 3313 581 3375; x_wconf 86' lang='lat' dir='ltr'><strong>Tibulli</strong></span> <span class='ocrx_word' id='word_1_158' title='bbox 599 3326 632 3374; x_wconf 92' lang='lat' dir='ltr'><strong>ut</strong></span> <span class='ocrx_word' id='word_1_159' title='bbox 646 3315 752 3397; x_wconf 89' lang='lat' dir='ltr'><strong>opinor</strong></span> <span class='ocrx_word' id='word_1_160' title='bbox 767 3315 876 3390; x_wconf 85' lang='lat' dir='ltr'><strong>verbis,</strong></span> <span class='ocrx_word' id='word_1_161' title='bbox 894 3315 934 3378; x_wconf 93' lang='lat' dir='ltr'><strong>ob</strong></span> <span class='ocrx_word' id='word_1_162' title='bbox 949 3316 1123 3379; x_wconf 88' lang='lat' dir='ltr'><strong>Cerintbum</strong></span> <span class='ocrx_word' id='word_1_163' title='bbox 1135 3337 1175 3380; x_wconf 83' lang='lat' dir='ltr'><strong>re</strong></span> 
     </span>
     <span class='ocr_line' id='line_1_25' title="bbox 113 3414 1181 3500; baseline -0.002 -19"><span class='ocrx_word' id='word_1_164' title='bbox 113 3419 225 3481; x_wconf 81' lang='lat' dir='ltr'><strong>nationi</strong></span> <span class='ocrx_word' id='word_1_165' title='bbox 236 3416 380 3489; x_wconf 70' lang='lat' dir='ltr'><strong>deditum</strong></span> <span class='ocrx_word' id='word_1_166' title='bbox 393 3415 471 3476; x_wconf 89' lang='lat' dir='ltr'><strong>bunc</strong></span> <span class='ocrx_word' id='word_1_167' title='bbox 481 3414 512 3474; x_wconf 89' lang='lat' dir='ltr'><strong>in</strong></span> <span class='ocrx_word' id='word_1_168' title='bbox 523 3426 671 3492; x_wconf 89' lang='lat' dir='ltr'><strong>posterum</strong></span> <span class='ocrx_word' id='word_1_169' title='bbox 681 3417 762 3498; x_wconf 87' lang='lat' dir='ltr'><strong>sequi</strong></span> <span class='ocrx_word' id='word_1_170' title='bbox 773 3416 834 3479; x_wconf 87' lang='lat' dir='ltr'><strong>vult</strong></span> <span class='ocrx_word' id='word_1_171' title='bbox 843 3417 878 3476; x_wconf 76' lang='lat' dir='ltr'><strong>sd</strong></span> <span class='ocrx_word' id='word_1_172' title='bbox 888 3438 978 3479; x_wconf 78' lang='lat' dir='ltr'><strong>casses</strong></span> <span class='ocrx_word' id='word_1_173' title='bbox 988 3429 1017 3479; x_wconf 88' lang='lat' dir='ltr'><strong>et</strong></span> <span class='ocrx_word' id='word_1_174' title='bbox 1028 3438 1080 3500; x_wconf 90' lang='lat' dir='ltr'><strong>per</strong></span> <span class='ocrx_word' id='word_1_175' title='bbox 1089 3416 1181 3479; x_wconf 74' lang='lat' dir='ltr'><strong>sssms·</strong></span> 
     </span>
     <span class='ocr_line' id='line_1_26' title="bbox 113 3514 1182 3602; baseline -0.002 -21"><span class='ocrx_word' id='word_1_176' title='bbox 113 3518 223 3602; x_wconf 68' lang='lat' dir='ltr'><strong>Elegia·</strong></span> <span class='ocrx_word' id='word_1_177' title='bbox 233 3539 298 3598; x_wconf 74' lang='lat' dir='ltr'><strong>qum</strong></span> <span class='ocrx_word' id='word_1_178' title='bbox 306 3515 478 3578; x_wconf 78' lang='lat' dir='ltr'><strong>Corinthum</strong></span> <span class='ocrx_word' id='word_1_179' title='bbox 487 3526 516 3574; x_wconf 87' lang='lat' dir='ltr'><strong>et</strong></span> <span class='ocrx_word' id='word_1_180' title='bbox 527 3514 681 3596; x_wconf 77' lang='lat' dir='ltr'><strong>Sulpiciam</strong></span> <span class='ocrx_word' id='word_1_181' title='bbox 691 3528 831 3598; x_wconf 80' lang='lat' dir='ltr'><strong>spectant,</strong></span> <span class='ocrx_word' id='word_1_182' title='bbox 842 3530 914 3580; x_wconf 85' lang='lat' dir='ltr'><strong>tunc</strong></span> <span class='ocrx_word' id='word_1_183' title='bbox 921 3519 1059 3600; x_wconf 88' lang='lat' dir='ltr'><strong>temporis</strong></span> <span class='ocrx_word' id='word_1_184' title='bbox 1070 3518 1182 3599; x_wconf 68' lang='lat' dir='ltr'><strong>scriptae</strong></span> 
     </span>
     <span class='ocr_line' id='line_1_27' title="bbox 112 3615 1184 3698; baseline 0.003 -19"><span class='ocrx_word' id='word_1_185' title='bbox 112 3619 265 3690; x_wconf 84' lang='lat' dir='ltr'><strong>videntur,</strong></span> <span class='ocrx_word' id='word_1_186' title='bbox 277 3639 364 3698; x_wconf 90' lang='lat' dir='ltr'><strong>quum</strong></span> <span class='ocrx_word' id='word_1_187' title='bbox 377 3615 511 3678; x_wconf 87' lang='lat' dir='ltr'><strong>Tibullus</strong></span> <span class='ocrx_word' id='word_1_188' title='bbox 522 3637 618 3677; x_wconf 77' lang='lat' dir='ltr'><strong>amore</strong></span> <span class='ocrx_word' id='word_1_189' title='bbox 631 3616 663 3678; x_wconf 89' lang='lat' dir='ltr'><strong>in</strong></span> <span class='ocrx_word' id='word_1_190' title='bbox 673 3616 786 3682; x_wconf 78' lang='lat' dir='ltr'><strong>Deliam</strong></span> <span class='ocrx_word' id='word_1_191' title='bbox 796 3617 946 3694; x_wconf 77' lang='lat' dir='ltr'><strong>liberatus,</strong></span> <span class='ocrx_word' id='word_1_192' title='bbox 957 3618 1098 3681; x_wconf 87' lang='lat' dir='ltr'><strong>Nemesin</strong></span> <span class='ocrx_word' id='word_1_193' title='bbox 1109 3640 1184 3684; x_wconf 88' lang='lat' dir='ltr'><strong>non·</strong></span> 
     </span>
     <span class='ocr_line' id='line_1_28' title="bbox 117 3719 331 3782; baseline -0.019 -2"><span class='ocrx_word' id='word_1_194' title='bbox 117 3719 185 3781; x_wconf 88' lang='lat' dir='ltr'><strong>dum</strong></span> <span class='ocrx_word' id='word_1_195' title='bbox 201 3728 331 3782; x_wconf 77' lang='lat' dir='ltr'><strong>nouerat.</strong></span> 
     </span>
    </p>
   </div>
   <div class='ocr_carea' id='block_1_12' title="bbox 485 3825 811 3902">
    <p class='ocr_par' dir='ltr' id='par_1_12' title="bbox 485 3825 811 3902">
     <span class='ocr_line' id='line_1_29' title="bbox 485 3825 811 3902; baseline 0 -4"><span class='ocrx_word' id='word_1_196' title='bbox 485 3825 714 3902; x_wconf 84' lang='lat' dir='ltr'><strong>CARMEN</strong></span> <span class='ocrx_word' id='word_1_197' title='bbox 745 3828 811 3899; x_wconf 84' lang='lat' dir='ltr'><strong>IV.</strong></span> 
     </span>
    </p>
   </div>
   <div class='ocr_carea' id='block_1_13' title="bbox 150 3987 1189 4074">
    <p class='ocr_par' dir='ltr' id='par_1_13' title="bbox 150 3987 1189 4074">
     <span class='ocr_line' id='line_1_30' title="bbox 150 3987 1189 4074; baseline 0.005 -23"><span class='ocrx_word' id='word_1_198' title='bbox 150 3988 284 4052; x_wconf 90' lang='lat' dir='ltr'><strong>Tibullus</strong></span> <span class='ocrx_word' id='word_1_199' title='bbox 295 3988 354 4050; x_wconf 86' lang='lat' dir='ltr'><strong>suis</strong></span> <span class='ocrx_word' id='word_1_200' title='bbox 369 3987 457 4072; x_wconf 85' lang='lat' dir='ltr'><strong>ipsius</strong></span> <span class='ocrx_word' id='word_1_201' title='bbox 472 3988 565 4052; x_wconf 76' lang='lat' dir='ltr'><strong>verbis</strong></span> <span class='ocrx_word' id='word_1_202' title='bbox 580 4011 649 4050; x_wconf 88' lang='lat' dir='ltr'><strong>usus</strong></span> <span class='ocrx_word' id='word_1_203' title='bbox 655 3989 808 4074; x_wconf 86' lang='lat' dir='ltr'><strong>,nullique</strong></span> <span class='ocrx_word' id='word_1_204' title='bbox 822 3990 964 4054; x_wconf 76' lang='lat' dir='ltr'><strong>sublatens</strong></span> <span class='ocrx_word' id='word_1_205' title='bbox 974 3989 1046 4055; x_wconf 77' lang='lat' dir='ltr'><strong>fictu</strong></span> <span class='ocrx_word' id='word_1_206' title='bbox 1055 3992 1189 4072; x_wconf 73' lang='lat' dir='ltr'><strong>mini,</strong></span> 
     </span>
    </p>
   </div>
   <div class='ocr_carea' id='block_1_14' title="bbox 107 4088 1189 4257">
    <p class='ocr_par' dir='ltr' id='par_1_14' title="bbox 107 4088 1189 4257">
     <span class='ocr_line' id='line_1_31' title="bbox 111 4088 1189 4174; baseline 0.004 -21"><span class='ocrx_word' id='word_1_207' title='bbox 111 4088 398 4163; x_wconf 79' lang='lat' dir='ltr'><strong>Pboebumatlvocnt,</strong></span> <span class='ocrx_word' id='word_1_208' title='bbox 410 4088 718 4171; x_wconf 77' lang='lat' dir='ltr'><strong>utaegrotrntipuellae</strong></span> <span class='ocrx_word' id='word_1_209' title='bbox 727 4091 1126 4209; x_wconf 76' lang='lat' dir='ltr'><strong>mdicasnpplicetmanus:</strong></span> <span class='ocrx_word' id='word_1_210' title='bbox 1136 4115 1189 4157; x_wconf 82' lang='lat' dir='ltr'><strong>so·</strong></span> 
     </span>
     <span class='ocr_line' id='line_1_32' title="bbox 107 4182 664 4257; baseline -0.015 0"><span class='ocrx_word' id='word_1_211' title='bbox 107 4182 181 4257; x_wconf 74' lang='lat' dir='ltr'><strong>latur</strong></span> <span class='ocrx_word' id='word_1_212' title='bbox 196 4189 298 4254; x_wconf 83' lang='lat' dir='ltr'><strong>deinde</strong></span> <span class='ocrx_word' id='word_1_213' title='bbox 313 4187 485 4252; x_wconf 83' lang='lat' dir='ltr'><strong>Cerintlium</strong></span> <span class='ocrx_word' id='word_1_214' title='bbox 500 4198 664 4253; x_wconf 73' lang='lat' dir='ltr'><strong>amatorem.</strong></span> 
     </span>
    </p>
   </div>
   <div class='ocr_carea' id='block_1_15' title="bbox 0 0 1287 4972">
    <p class='ocr_par' dir='ltr' id='par_1_15' title="bbox 0 0 1287 4972">
     <span class='ocr_line' id='line_1_33' title="bbox 0 0 1287 4972; baseline 0 0"><span class='ocrx_word' id='word_1_215' title='bbox 0 0 1287 4972; x_wconf 95' lang='lat' dir='ltr'><strong> </strong></span> 
     </span>
    </p>
   </div>
  </div>
 </body>
</html>
