2580 5002
212 667 537 737 ELEGIARUM
562 671 664 736 ΜΒ.
691 673 721 737 1.
748 671 902 740 ELEG.
927 674 971 741 V.
1082 672 1122 738 61

58 810 106 884 Et
123 827 250 884 tantum
267 826 416 882 venerate
433 808 560 896 virum,
579 809 668 884 hunc
685 810 799 884 sedula
814 829 924 900 curet,

111 926 197 999 Huic
215 943 309 1025 paret
325 940 423 1024 atque
440 923 553 1024 epulas
570 926 642 1026 ipsa
659 927 809 1002 ministra
826 947 927 1025 gerat.

60 1043 140 1114 llaec
157 1040 240 1113 mihi
254 1037 439 1134 fingebam,
459 1038 531 1139 quoe
545 1068 636 1115 nunc
652 1042 829 1143 Eurusque
845 1046 1021 1145 Notusque
1094 1067 1127 1118 35

108 1155 217 1229 Jactat
233 1153 388 1227 odoratos
404 1171 481 1228 rote
493 1157 754 1254 perArmenios.
816 1218 823 1229 ,

61 1271 155 1369 Saepe
173 1297 234 1365 ego
253 1268 375 1342 tentavi
393 1295 490 1341 curas
507 1267 670 1371 depellere
684 1273 786 1345 vino:

60 1469 100 1512 est
110 1498 117 1523 ‚
129 1457 379 1527 proptersequentia
388 1466 467 1523 curet,
479 1465 571 1524 geram·

59 1535 106 1590 sed
114 1535 169 1589 buc
179 1533 258 1589 lectio
266 1534 570 1603 minimeprobandnest,

59 1615 113 1670 nisi
121 1616 191 1669 sorte
203 1620 289 1669 weh!
296 1614 382 1684 legere
391 1614 453 1668 velis
460 1632 520 1668 cum
528 1633 572 1667 co-

60 1695 119 1749 dice
131 1714 202 1758 uno;
216 1706 364 1764 temporum
380 1696 451 1748 enim
464 1693 572 1762 equali-

60 1785 100 1828 tas
111 1773 246 1827 amanda.

93 1853 134 1906 33.
151 1855 227 1906 Hunc
245 1857 335 1906 sedule
351 1864 426 1907 curet.
438 1852 571 1908 Bronclb.

60 1931 116 1997 ait,
127 1930 240 1984 adfuisse
249 1931 355 1985 inlibris
369 1929 461 2000 Angeli
474 1930 572 1985 Colotii

60 2019 89 2062 et
103 2008 188 2062 Fulvii
198 2009 289 2063 Ursini
302 2008 442 2064 lectionem
456 2013 515 2064 huic
528 2029 570 2063 se·

60 2091 213 2151 dulecnret,¹
222 2087 394 2141 etconlestim
403 2086 573 2156 exempland-

61 2165 572 2229 ducit‚ubiverbumcnrande'tertiocum

60 2262 123 2296 casu
137 2254 286 2312 usurpetur.
298 2242 383 2296 Ptauc
399 2242 469 2296 llud.
479 2242 537 2295 Act.
548 2243 570 2308 l,

61 2320 106 2374 Sc.
121 2318 571 2385 u‚vs.5tt;'rruc.lter.1,8c.n,

59 2418 97 2452 rs.
114 2399 158 2460 35;
172 2399 202 2452 L.
215 2398 309 2452 Accius
320 2398 347 2450 in
362 2397 510 2466 Antigona,
523 2407 571 2449 etc.

59 2487 112 2531 etc.
127 2475 203 2529 ldem
219 2474 351 2528 Brouckh.
367 2473 460 2526 addit:
483 2485 572 2527 tamon

58 2555 153 2623 siquis
163 2551 305 2620 pertendat
313 2570 401 2604 curare
411 2569 472 2619 cpm
486 2550 574 2604 dativo

58 2626 431 2696 baberesignificationemeot
439 2630 573 2693 ιἰισκκιῖν,

59 2725 125 2764 cum
139 2705 184 2757 illo
203 2723 256 2756 non
272 2721 430 2774 magnopere
443 2703 573 2774 pugnabo.

60 2784 175 2839 Maneat
186 2802 248 2836 sane
262 2792 336 2835 vetus
347 2782 489 2850 scripture,
508 2792 538 2835 ut
548 2789 574 2836 τὶ

60 2875 134 2921 cere!
142 2864 177 2918 sit
191 2865 302 2916 verbum
314 2872 498 2930 mensaentque
511 2878 575 2916 cone

63 2945 139 3008 sivii5
148 2943 200 2998 rid.
208 2942 316 2996 Terent.
330 2940 443 3010 Adelph.
453 2942 510 2995 Act.
522 2940 571 3007 lV,

63 3024 107 3081 St.
116 3041 153 3084 tx,
161 3043 195 3077 vs.
207 3043 234 3085 ις
247 3022 352 3076 anret.
360 3021 402 3074 lib.
411 3020 448 3086 ll,
456 3039 521 3074 vers.
530 3022 571 3085 315

63 3106 159 3175 virgil.
167 3104 264 3174 Georg.
277 3105 320 3159 lib.
334 3106 361 3172 l,
373 3123 438 3158 vers.
448 3105 507 3163 3012
516 3104 574 3157 Ho-

64 3194 114 3238 nt
122 3183 165 3237 lib.
177 3184 205 3249 l,
215 3183 263 3251 Ep.
278 3200 317 3247 te,
331 3189 385 3238 rb...
396 3182 575 3236 Nihilominus

63 3260 300 3317 Bronckhusiussb
309 3260 574 3331 lleyniostribliginis

64 3341 215 3396 damnatur.
226 3342 264 3394 Ae
278 3342 313 3394 ll.
327 3343 400 3395 Voss.
410 3360 459 3395 nos
469 3341 573 3407 edocet,

63 3430 201 3485 munta,
219 3438 267 3489 pro
281 3436 402 3472 veneram
413 3418 573 3471 sumendum

63 3518 131 3555 esse.
144 3499 313 3552 Burmannus
329 3498 432 3565 junior,
446 3497 574 3565 probante

65 3576 211 3643 Sentenio,
221 3577 295 3644 fers!
307 3594 354 3644 pro
367 3585 441 3642 μναῖ
450 3575 499 3642 legi
512 3573 574 3627 vult.

65 3651 122 3709 Sed
131 3653 391 3726 lleyniusintegrum
401 3649 575 3705 distichonTi·

59 3729 157 3796 bullo,
170 3740 201 3783 nt
207 3731 326 3800 spurium
335 3767 344 3795 ,
354 3727 499 3799 abjudicat:
510 3729 575 3781 nito·

64 3829 127 3866 rem
143 3811 217 3865 enim
237 3812 348 3864 omnino
366 3812 470 3874 abesse,
495 3825 574 3876 quem

65 3897 158 3943 umen
170 3888 223 3956 ipse
231 3886 343 3941 detraxit
352 3925 360 3952 ‚
369 3887 463 3956 quippe
475 3884 520 3954 qui
532 3885 575 3938 in·

621 1462 742 1532 prohibet
754 1462 897 1532 quominus
905 1463 1033 1519 distichon
1042 1465 1129 1519 delor-

621 1552 723 1608 met‚ut
731 1541 800 1611 apud
810 1540 958 1610 Virgilium,
971 1541 1068 1613 Georg.
1076 1544 1127 1611 lll,

620 1640 687 1675 vers.
703 1624 790 1675 1552«
805 1620 914 1676 Arcebis
927 1622 1035 1693 gravido
1049 1642 1128 1692 peco-

619 1698 657 1763 ri,
668 1708 839 1767 armentaque
848 1716 947 1766 pasces,
962 1721 976 1746 ν
987 1710 1014 1752 et
1022 1699 1128 1753 AEneid.

621 1775 684 1828 lib.l
695 1815 703 1841 ‚
713 1795 779 1831 vers.
791 1777 821 1829 16
835 1795 867 1830 2«
881 1776 1030 1832 Posthabito
1040 1777 1130 1832 coluis-

620 1869 647 1904 se
658 1852 754 1915 samm
768 1853 809 1907 bic
817 1853 884 1908 illins
896 1873 976 1907 erma.
983 1876 997 1901 u

654 1929 694 1982 35.
708 1932 844 2001 Eurusque.
857 1932 896 1986 lte
906 1933 964 1986 libri
976 1933 1064 2003 scripti
1075 1952 1129 2002 pe-

621 2025 656 2060 ne
677 2025 778 2063 omnes.
795 2009 932 2077 Editiones
955 2020 1057 2063 veteres
1074 2008 1128 2063 ba-

621 2084 685 2137 bent
699 2087 842 2153 caurusque
852 2105 860 2139 .·
871 2085 942 2155 quod
956 2087 991 2141 H.
999 2089 1075 2141 Voss.
1086 2107 1129 2140 re-

621 2163 727 2216 vocavit.
740 2161 820 2217 Nullo
828 2163 910 2216 modo
920 2163 992 2217 enim
1001 2184 1044 2218 res
1054 2166 1128 2220 urbs·

620 2258 667 2292 nes
679 2241 711 2291 ab
717 2239 822 2293 Euroin
831 2241 972 2295 Armenios
979 2241 1129 2313 vebipoese.

620 2315 674 2369 Sed
685 2316 804 2370 Tibullus
813 2330 906 2387 poeta,
918 2338 972 2373 non
985 2320 1130 2376 methema-⁴

621 2392 686 2444 ticus
700 2403 772 2457 erat3
792 2412 853 2448 usus
873 2405 913 2448 est
926 2396 1011 2449 verbis
1029 2414 1087 2462 qua
1101 2397 1130 2450 in

620 2469 839 2524 consuetudinem
852 2472 983 2542 proverbii
990 2484 1127 2540 venerant,

620 2546 673 2601 vid.
686 2547 768 2602 llorn.
782 2549 810 2602 ll.
821 2550 903 2617 XVl,
913 2569 949 2603 vs.
957 2551 1004 2618 765
1013 2591 1020 2617 ,
1028 2554 1129 2612 ettam

621 2631 735 2691 diruere,
750 2629 823 2698 Vis-g.
836 2628 898 2681 AEn.
910 2628 953 2681 lib.
966 2630 1072 2695 l‚vers.
1081 2633 1128 2685 85:

623 2728 636 2750 κ
648 2705 712 2760 Una
720 2707 858 2777 Eurusque
871 2709 1008 2778 Notusque
1015 2721 1106 2764 ruunt.
1115 2732 1129 2757 o

621 2783 909 2857 -Odomtosappellet
918 2787 1059 2841 Armenios
1071 2808 1129 2857 pro·

621 2874 680 2931 pter
691 2863 798 2919 frutices
811 2866 856 2935 qui
874 2865 942 2935 opud
955 2884 1000 2919 eos
1012 2885 1129 2920 nascun-

621 2951 674 3009 tur,
683 2942 812 3012 imprimis
824 2962 969 3010 smomum,
982 2943 1049 2998 Plin.
1063 2945 1128 3011 xlt‚

621 3046 676 3097 esp.
696 3029 735 3081 28.

654 3107 694 3175 37.
705 3108 879 3174 Sepeegoetc.
894 3106 1010 3175 Elegism
1017 3106 1129 3161 bicSca-
1146 3164 1148 3169 ,

621 3184 686 3252 liger
707 3185 810 3238 orditur
829 3196 943 3249 sertem,
967 3185 1076 3238 adtertis
1096 3184 1129 3237 ad

622 3259 701 3327 buius
710 3261 792 3315 finem
804 3263 920 3315 versibus
932 3261 1053 3315 secunda
1066 3281 1129 3332 79·-

624 3357 679 3392 ron.
691 3339 812 3411 lleyuius
821 3360 881 3393 suos
891 3342 1025 3393 asteriscos
1037 3338 1129 3407 prtefi·

621 3416 897 3471 xitscribenszvellem
909 3419 999 3486 ntique
1008 3416 1130 3471 carminis

622 3496 761 3565 superioris
768 3507 931 3550 venustatem
939 3515 995 3549 non
1005 3515 1059 3548 esse
1069 3513 1129 3548 con·

623 3575 954 3629 taminntsml'oedaltcinia.
963 3577 1021 3642 lpse
1029 3572 1128 3626 lluscb·

622 3654 694 3718 lius,
711 3672 761 3722 que
780 3653 905 3723 opinione
922 3661 975 3715 est,
993 3651 1128 3704 Tibullum
1201 3644 1207 3659 '

622 3733 709 3800 culpat
718 3771 725 3797 ,
735 3733 806 3801 quasi
818 3730 905 3783 subito
913 3728 945 3781 sd
953 3728 1012 3782 rite
1020 3727 1129 3781 dissolu·

624 3811 696 3864 tionis
711 3808 939 3861 adumbrationem
955 3805 1129 3859 transierit.....

624 3887 717 3941 Horat
729 3885 771 3939 lib.
780 3886 808 3951 l,
820 3883 874 3938 Od.
884 3900 935 3948 vu,
946 3903 1010 3936 vers.
1018 3883 1060 3952 31,
1069 3888 1129 3936 vino

63 3967 280 4036 terpunctionem
299 3965 400 4020 foednm
417 3965 444 4017 in
465 3964 575 4017 modurn
618 3968 706 4032 pellite
724 3981 805 4017 curas.
828 3963 940 4015 Benene
962 3961 1055 4016 eadem
1073 3961 1128 4016 sere
1164 3982 1170 4016 t

64 4045 222 4108 turbaverim
231 4043 364 4115 quiusdeo
370 4043 509 4096 lectionem
520 4061 575 4096 om·

64 4126 133 4180 nino
139 4122 231 4178 salsam
237 4142 305 4178 nnec
312 4122 467 4191 protulerit,
479 4133 508 4174 ut
521 4140 575 4175 ver

65 4222 127 4260 snm
142 4204 294 4268 muniret,
314 4219 396 4271 quum
411 4199 476 4252 nihil
489 4200 576 4255 minus

66 4281 256 4337 emendatione
263 4279 378 4349 indigeat
386 4296 464 4347 quam
472 4277 514 4330 hic
523 4297 577 4330 ser·

66 4378 125 4422 ειυς
133 4359 274 4413 sentmtite
285 4358 358 4410 enim
368 4355 503 4423 suspensio
516 4371 574 4422 qun

68 4437 159 4493 medio
169 4447 265 4507 quarto
274 4435 340 4506 pede
349 4434 396 4503 fii,
408 4434 508 4508 hiatum
524 4433 576 4502 ipse

623 4045 716 4100 cecinit
726 4064 732 4098 :

622 4143 661 4182 t'ut
671 4148 752 4181 soureut
759 4141 827 4192 mys
835 4139 859 4177 de
867 4150 928 4190 noyer
936 4137 984 4176 deus
993 4138 1012 4176 t·
1020 4138 1055 4176 vin

673 4217 708 4256 tt·
718 4214 774 4266 peine
783 4223 803 4252 st
810 4226 851 4252 mss
860 4213 926 4251 tristes
935 4214 1024 4252 surm.

674 4290 693 4330 0
702 4287 801 4328 matun
814 4295 849 4326 ton
856 4294 922 4325 nesus
929 4286 985 4325 divin

623 4363 740 4413 &sturitate
752 4373 786 4399 sur
795 4373 843 4400 non
853 4373 906 4399 ocem
914 4387 922 4409 ,
935 4367 957 4398 st
968 4371 989 4397 ss
1004 4355 1090 4397 tournsit
1106 4370 1131 4395 en

695 4435 773 4476 lemen.
