2550 4972
102 304 152 387 lxij
496 305 556 364 DE
587 304 787 365 TIBULLI

40 500 48 511 ,
102 437 219 517 pertin,
237 434 294 496 vid.
311 435 427 496 Santen.
443 435 522 516 prael.
539 437 573 498 ad
588 439 719 516 Propert.
734 461 762 516 p.
781 433 834 509 13,
851 431 901 515 qui
918 452 985 495 sane
1000 449 1062 491 nun
1081 424 1157 507 1487,

99 536 153 599 sed
172 530 270 610 1488,
288 533 396 611 prodiit
412 533 530 599 Tibullo
547 547 639 596 tamen
656 549 686 596 et
699 535 812 597 Catullo
829 553 926 594 comcs
946 556 954 593 1
969 550 1032 592 non
1048 525 1160 589 animtd-

101 635 204 707 vertit‚
219 633 386 695 Senteninm
399 632 440 693 ibi
456 656 540 717 agere
555 634 589 696 dc
598 635 742 713 Propertii
755 634 881 695 editione
894 633 956 693 sine
971 624 1161 690 commentario

100 737 228 817 locoque
246 746 275 794 et
290 757 367 797 anno
387 735 591 818 impressionis.
610 738 740 816 Nempe,
759 735 838 816 qnod
854 733 955 794 scribit
975 725 1163 792 Santeniusin

102 832 295 894 Collectaneis
311 855 318 890 :
338 857 354 890 u
366 832 465 893 babuit
481 833 660 893 Burmannus
674 834 830 909 exemplar,
848 831 878 891 in
895 852 955 912 quo
970 824 1100 910 colligati
1111 832 1165 883 sunt

102 931 233 992 Catullus
243 931 347 993 Brixiae
355 954 406 1015 per
416 931 565 992 Boninum
584 928 670 1007 1488,
682 932 808 992 Tibullus
818 917 1167 1008 comcomment.Cyllen“¹t

101 1049 154 1111 per
164 1030 256 1089 Andr.
266 1029 509 1091 dePaltbascichis
518 1030 624 1090 Venet.
639 1018 1168 1113 1487.Signatnraedesinuntin-l-i

101 1142 167 1190 tum
177 1128 327 1210 subjicitur
339 1132 503 1211 Propertius
518 1129 661 1209 signatura
672 1130 708 1202 lt,
724 1129 785 1188 sine
800 1138 975 1197 comment,
995 1123 1059 1184 sine
1073 1120 1171 1182 locoel
1219 1188 1221 1211 ι

100 1250 181 1290 anno
198 1228 403 1310 impressionis.
421 1229 505 1287 Hanc
522 1226 677 1287 editionem
689 1227 855 1303 Propertii,
872 1225 980 1295 credo,
1000 1223 1172 1282 nummu

102 1328 330 1389 vocathnetam
345 1323 432 1406 1487.
445 1322 749 1399 EstVicentina1481.
762 1327 882 1385 »Recte
892 1309 1174 1384 titilianum-sel

102 1426 220 1507 quando
241 1427 425 1485 Burmannus
446 1422 538 1483 laudat
554 1425 692 1485 Venetam
707 1426 863 1503 (Beroaldi
875 1430 903 1500 )‚
921 1445 990 1491 ann.
1009 1417 1103 1503 1487,
1120 1434 1174 1499 (1⁸12

102 1545 262 1605 numquam
278 1523 401 1598 exstitit,
415 1521 543 1605 intellige
556 1523 716 1584 Venetama
729 1525 814 1609 1491.
824 1528 917 1587 Error
925 1537 1009 1588 ortus
1028 1536 1074 1584 est
1087 1541 1104 1581 e
1116 1517 1175 1579 iub·

103 1621 285 1698 scriptione,
302 1622 337 1682 de
353 1644 408 1703 qua
423 1617 580 1685 videbimus
597 1622 677 1683 inira.
693 1624 800 1685 Habuit
820 1623 988 1687 Huschkius
1006 1622 1039 1682 in
1056 1614 1175 1681 manilius

102 1717 179 1778 illud
196 1720 353 1778 Burmanni
369 1718 529 1796 exemplar,
547 1731 576 1778 et
591 1722 765 1783 confidenter
777 1718 995 1804 pronuntiavit,
1009 1737 1113 1780 omnes
1126 1713 1176 1773 lee

103 1818 220 1890 tiones,
232 1818 328 1878 citatas
342 1818 377 1878 ab
386 1819 438 1879 illo
446 1840 462 1877 e
470 1820 577 1880 Veneta
589 1820 676 1903 1487,
688 1823 806 1903 reperiri
814 1823 911 1882 nonin
920 1820 1092 1891 Vicenrina,
1105 1835 1177 1899 qnam

104 1914 174 1977 satis
192 1915 369 1999 negligenter
384 1917 762 1999 comparavitBurmannus‚
780 1918 872 1978 sedin
888 1919 1000 1978 Veneta
1019 1917 1111 2002 1491.

149 2038 261 2099 Tibulli
276 2043 386 2101 Veneta
400 2062 444 2099 an.
467 2040 541 2123 1487
557 2042 639 2101 ducta
655 2055 698 2103 est
711 2063 727 2102 e
740 2044 869 2104 Romana
883 2064 932 2107 an.
952 2043 1035 2128 1475
1050 2087 1061 2118 ,
1083 2050 1179 2104 mutan

105 2151 203 2198 11111111
216 2138 337 2200 subinde
350 2145 406 2200 una
420 2152 449 2199 et
462 2142 547 2201 altera
561 2141 693 2201 lectione.

280 2396 357 2465 Xll.
376 2393 485 2465 Editio
504 2393 640 2478 Veneta,
661 2423 715 2466 an.
740 2400 847 2497 1491,
866 2402 1017 2478 infolio.

155 2606 320 2664 Ttnunws
333 2605 462 2665 Catullus
479 2617 508 2665 ct
520 2605 687 2683 Propertius
702 2619 737 2669 cri
753 2630 926 2677 commento.

155 2753 224 2811 Hoc
240 2749 340 2810 ordine
356 2750 385 2807 in
402 2750 453 2809 bac
464 2762 492 2808 et
504 2752 630 2826 proxima
644 2752 769 2816 editione
785 2773 878 2834 poetae
894 2775 954 2823 tres
973 2787 1005 2826 se
1021 2767 1186 2846 excipiunt,

111 2874 176 2913 non
193 2872 248 2922 eo,
264 2871 347 2930 quem
367 2850 517 2909 constituit
532 2851 685 2924 Parianus,
703 2867 774 2914 tom.
791 2858 861 2927 ΙΙΙ,
881 2885 908 2939 p.
928 2882 1009 2948 297,
1034 2890 1067 2927 n.
1090 2866 1187 2937 1388,

109 2947 271 3029 praeposito
294 2946 418 3007 Catullo.
438 2947 475 3005 In
496 2947 591 3007 frorite
611 2948 717 3010 Tibulli
739 2976 803 3014 cum
827 2975 994 3024 commento
1015 2962 1189 3027 Bernardini

112 3046 292 3108 Veronensis
313 3047 438 3122 positum
456 3059 520 3120 est,
542 3048 617 3106 sicut
633 3049 664 3107 in
679 3051 794 3111 Venett.
814 3054 891 3129 1485
909 3071 938 3117 et
959 3062 1058 3145 1487,
1078 3085 1190 3126 carmen

112 3149 156 3208 ad
175 3146 336 3224 Baptistum
362 3146 517 3218 Ursiuum,
539 3144 584 3203 cui
600 3146 728 3227 adjuncta
744 3162 785 3207 est
802 3152 836 3210 ab
852 3155 964 3217 editore
980 3162 1052 3222 Vita
1070 3165 1190 3235 Poeta,

113 3243 225 3304 diversa
240 3240 273 3300 ab
287 3261 333 3313 ea,
351 3262 416 3322 quae
430 3241 460 3300 iu
475 3239 528 3299 fine
543 3240 679 3317 descripti
695 3255 739 3302 est
752 3267 768 3304 e
785 3246 879 3307 Codd.
897 3254 1042 3333 Sequitur
1059 3261 1191 3320 Catullus

112 3360 181 3401 cum
198 3352 349 3398 comment.
367 3337 491 3399 Antonii
505 3336 656 3397 Parthenii.
674 3340 750 3398 Tum
765 3342 927 3423 Propertius
944 3374 1013 3413 cum
1029 3369 1193 3419 comment.

112 3434 242 3511 Philippi
258 3437 407 3514 Beroaldi‚
423 3436 458 3496 ad
473 3438 553 3519 cujus
569 3435 670 3494 calcem
683 3437 807 3517 legitur:

173 3580 346 3642 cementarii
368 3588 398 3643 in
421 3585 544 3663 Proptir'r
560 3606 579 3641 n
596 3586 725 3664 Philippo
745 3587 870 3651 herualdo
892 3597 964 3656 editi
985 3623 1072 3667 anno
1094 3609 1197 3670 salutis

116 3678 470 3758 M.CCCC.LXXXVII‚
487 3684 588 3764 zpressr'
597 3702 661 3742 veru
671 3683 798 3743 Venetiis
815 3709 835 3745 n
847 3690 955 3755 Boncto
969 3700 1112 3765 locatdlo
1123 3709 1200 3769 Ber-

115 3780 232 3859 gomesi.
253 3775 308 3835 Cur'
322 3781 480 3838 neccssaria
495 3778 622 3839 exhibuit
634 3776 745 3838 Nubilis
759 3784 805 3841 uir
819 3788 994 3855 Octauianus
1007 3802 1123 3866 Scarus
1135 3809 1203 3869 Μο-

118 3877 275 3936 doetr'crrsr's.
299 3873 388 3935 Anno
401 3876 498 3956 ejusde
510 3875 604 3937 salutis
621 3879 803 3958 nonagesimo
821 3885 916 3960 primo
932 3914 1021 3972 supra
1034 3903 1207 3969 millesimi

115 3996 147 4036 ae
163 3973 451 4056 quadringentesimo.
466 3975 578 4049 Quinto
595 3973 657 4036 idus
674 3975 841 4043 decembres.
