2580 5002
192 680 198 690 '
243 676 563 746 ELEGIARUM
595 677 693 744 LlB.
717 678 746 743 1.
781 676 927 743 ELEG.
959 678 1025 744 tv.
1124 677 1166 771 47

153 818 220 891 Hic
239 817 399 918 placidam
415 819 511 892 niveo
528 835 660 920 pectore
675 814 771 918 pellit
787 846 924 917 aquam,

107 936 192 1021 llic,
212 936 289 1036 quia
308 937 404 1010 lortis
422 936 680 1022 adestaudacia,
699 936 806 1037 cepit3
824 932 921 1007 atilli

153 1054 334 1149 Virgineus
352 1072 478 1128 teneras
496 1039 562 1127 stat
578 1052 688 1153 pudor
705 1070 779 1126 ante
796 1080 904 1148 genas.

107 1169 173 1244 Sed
192 1189 223 1245 te
241 1201 281 1245 nc
302 1172 450 1273 capiant,
468 1170 576 1270 primo
597 1170 624 1243 si
642 1169 727 1242 lorte
744 1169 887 1265 negarit,

155 1288 283 1376 Taedia3
302 1287 461 1390 paulatim
476 1287 539 1362 sub
554 1288 634 1386 juga
651 1283 736 1359 colla
754 1285 856 1360 dabit.

106 1406 223 1500 Longa
243 1405 312 1479 dies
326 1403 453 1479 homini
471 1401 587 1476 docuit
600 1430 713 1503 parere
731 1400 862 1490 leones,

155 1522 273 1615 Longa
289 1520 359 1594 dies
374 1516 467 1592 molli
484 1547 560 1593 saxa
573 1517 702 1618 peredit
718 1546 827 1617 aqua,

106 1636 226 1710 Annus
246 1635 280 1709 in
297 1635 416 1736 apricis
433 1651 577 1707 maturat
591 1631 736 1707 collibus
752 1659 847 1719 uvas;

155 1748 275 1823 Annus
290 1750 360 1845 agit
375 1765 460 1822 certa
476 1746 584 1822 lucida
602 1747 695 1844 signa
713 1746 792 1819 rice.

107 1863 177 1936 Nec
191 1865 299 1962 jurare
318 1866 416 1938 time:
434 1865 569 1938 Veneris
586 1863 728 1965 perjuria
746 1863 835 1935 venti

159 1977 257 2051 Irrita
275 2006 335 2078 per
353 1996 453 2051 terras
471 1995 503 2050 ct
518 1977 600 2052 freta
618 1975 882 2065 summalerunt.

153 2178 190 2210 ra.
218 2160 349 2216 Placidum
368 2161 560 2216 delicatioribus
580 2161 617 2214 H.
667 2160 753 2214 locum
765 2158 882 2214 imitatus
893 2169 949 2227 eat,
969 2158 1070 2213 Amint.
1085 2169 1133 2214 act.
1148 2158 1175 2224 l,
1264 2200 1271 2224 ,

109 2233 199 2288 vossii
217 2239 322 2292 auribus
341 2239 444 2293 laatidio
461 2250 517 2303 est3
540 2238 619 2291 rerba
667 2257 779 2292 scema:

109 2312 186 2365 enim
204 2317 246 2369 lic
253 2321 340 2382 place!
354 2318 408 2387 jam
424 2316 452 2369 in
467 2317 619 2370 hexametro
692 2327 1123 2377 htomcrnctnugmtrmttpom

110 2401 183 2443 mni.
192 2414 204 2437 ¹¹
214 2393 254 2447 Ui
261 2395 407 2448 necessario
414 2393 464 2446 ltoc
474 2392 540 2446 nihil
550 2390 620 2445 allud
692 2401 757 2439 Frena
765 2400 784 2437 ai
791 2399 842 2438 leoni
851 2427 858 2446 ,
868 2399 893 2438 ed
902 2399 940 2436 alle
950 2399 999 2449 tigre
1007 2400 1081 2438 tre-ne.

110 2465 162 2528 xit,
178 2467 229 2522 nisi
241 2468 358 2523 lectionis
371 2483 493 2522 ructum
505 2485 621 2534 corrup-
707 2475 746 2526 18.
755 2474 863 2525 Pendet.
875 2470 944 2524 Vide
958 2471 1051 2525 Horat.
1063 2472 1105 2527 lib.
1120 2475 1177 2543 ΙΙΙ,

110 2544 172 2599 tela.
187 2568 201 2592 u
216 2546 322 2600 Fluctua
323 2548 421 2616 faciles
427 2565 482 2601 erae
490 2547 622 2607 aicvoo,
671 2550 726 2605 Od.
739 2567 858 2617 moen.
870 2554 909 2621 75.
922 2571 935 2596 α
944 2551 1111 2621 Necpmdii
1121 2555 1179 2607 lm.

113 2625 162 2695 qui
173 2624 249 2678 lacile
262 2628 375 2681 natantia
382 2627 504 2697 impulsui
516 2626 624 2689 cedant;
676 2630 789 2700 positum
799 2630 869 2684 celer
881 2629 949 2700 ignis
958 2630 1103 2684 AEtnaman
1118 2634 1178 2687 Lu-

114 2703 199 2775 Prop.
212 2704 254 2768 lib.
268 2706 294 2770 l,
310 2706 382 2777 Eleg.
393 2724 432 2769 11,
442 2727 508 2783 vers.
523 2729 551 2762 xa
560 2747 568 2774 ,
578 2707 624 2760 di·
671 2708 766 2762 cretins
775 2709 810 2762 ait
821 2728 827 2762 :
838 2731 851 2755 «ι
865 2709 942 2763 Mare
953 2727 1010 2778 quae
1023 2710 1179 2782 impendent

113 2784 152 2838 xit
164 2805 179 2830 ι
194 2783 313 2837 Alternae
324 2784 405 2839 facilis
415 2785 509 2840 cedere
518 2785 623 2857 lympha
671 2804 747 2838 vesco
758 2786 809 2839 sale
821 2805 880 2840 saxa
893 2806 990 2857 peresa.
1004 2810 1017 2834 u
1031 2789 1113 2843 Poeta
1125 2810 1178 2844 ve-

117 2880 217 2926 manu,
236 2863 301 2916 »cui
314 2882 361 2916 uos
374 2863 502 2918 Ovidium
510 2885 624 2935 oppone·
675 2874 717 2917 tua
727 2861 797 2933 apud
811 2861 986 2929 Ciceronem,
999 2864 1042 2918 lib.
1055 2866 1112 2934 ΙΙΙ,
1125 2868 1179 2921 Τιι·

114 2961 178 2995 mus
189 2962 250 2996 cum
263 2943 369 2998 Tibullo
381 2944 536 3009 facientem
555 2950 625 3002 scri·
672 2938 993 3017 eunomianum
1001 2943 1179 3012 perederehu·

119 3020 173 3093 psit
186 3022 275 3088 enim,
295 3022 405 3076 Metam.
422 3024 465 3078 lib.
484 3023 568 3090 Xlll,
589 3047 626 3080 vo.
673 3039 747 3072 more
758 3020 911 3090 exsangueia
929 3039 1016 3090 genas.
1031 3021 1178 3077 Bnoucxu.

115 3104 176 3173 899.
187 3121 201 3145 a
215 3099 377 3170 placidisque
392 3113 483 3156 natant
499 3103 626 3159 Nereide,
698 3099 1180 3167 nostrarunl&Moretniveoriun-

115 3178 205 3232 undis.
220 3200 233 3224 ιι
673 3187 717 3231 tur
727 3186 754 3230 et
763 3177 1041 3233 occiduntsideranon
1050 3181 1099 3234 nisi
1110 3182 1180 3235 iutra

156 3257 194 3309 13.
206 3258 264 3310 Hic.
274 3257 354 3311 Pauci
367 3257 425 3311 libri
433 3258 557 3314 exhibent
568 3264 627 3315 dur'c
673 3267 777 3326 tempus
787 3277 864 3311 auum
873 3270 976 3313 certum
988 3279 1017 3314 ac
1029 3260 1179 3316 definitum.

118 3333 192 3406 quod
203 3334 309 3407 Heynio
322 3335 413 3405 placet.
427 3339 503 3391 Voss.
511 3350 538 3391 et
546 3339 627 3393 Bach.
707 3357 746 3390 aa.
763 3339 872 3390 Samma.
892 3337 1024 3392 Brouckh.
1042 3340 1069 3391 in
1091 3336 1180 3394 codiee

118 3414 148 3469 id
176 3413 288 3482 amplexi
307 3425 369 3468 aunt
389 3426 497 3484 propter
516 3434 628 3485 sequens
674 3416 900 3485 perantiquo,cui
916 3419 1081 3471 nuncetiam
1096 3419 1182 3472 Vosxii

117 3495 201 3548 adest.
675 3492 1181 3563 duoacceduntdonffainvenit,idque

158 3575 196 3640 ¹4·
213 3573 270 3625 Stat
282 3576 366 3639 pudor
377 3583 436 3627 ante
453 3593 540 3641 genas.
557 3577 629 3629 lnest
678 3572 807 3626 immensa
818 3572 973 3627 eruditionis
988 3574 1058 3627 mole
1075 3585 1182 3638 tuetur;

119 3650 197 3723 genia
206 3670 212 3704 ι
221 3650 315 3719 alioqui
323 3655 575 3722 potestpxdoracribi
585 3655 630 3724 qui
676 3669 773 3719 nempe
785 3651 840 3704 loca
851 3650 966 3716 citando,
980 3651 1073 3719 quibua
1086 3652 1183 3719 pariter

119 3740 184 3784 ante
196 3748 275 3799 genas
282 3741 345 3798 stat,
355 3743 480 3802 tanquam
493 3735 538 3803 qui
548 3745 629 3788 tuea-
677 3748 750 3781 mare
761 3733 863 3796 longum
873 3739 996 3791 vocctur3
1007 3728 1112 3782 Vossius
1121 3769 1128 3795 ,
1138 3729 1183 3798 qui

122 3820 184 3874 tur,
197 3807 281 3876 quiin
293 3807 323 3862 iis
335 3810 450 3863 excubet.
463 3811 498 3864 ll.
678 3808 749 3862 idem
761 3827 816 3861 esse
828 3807 917 3864 asserit
925 3807 974 3861 hoc
985 3807 1041 3860 loco
1050 3811 1141 3875 longa,
1154 3828 1183 3862 ac

159 3889 198 3940 15.
214 3887 320 3954 Neqarr't
331 3887 461 3940 Brouekh.
473 3889 588 3958 reposuit
599 3908 630 3942 ex
677 3887 698 3941 xi
716 3896 792 3956 poeta
804 3888 898 3951 proca!
912 3883 1031 3949 dixisset,
1051 3884 1182 3954 vulgatam

121 3964 311 4021 emendatione
330 3965 432 4020 Heinsii
445 3985 452 4019 ι
464 3968 632 4021 οοωιυίὶυιιῑ
678 3965 818 4019 lectionem
829 3962 946 4028 deridet,
961 3974 989 4016 ut
999 3963 1147 4033 languidam
1156 3974 1184 4019 et

119 4045 185 4100 libri
196 4042 251 4096 lere
266 4062 360 4097 ornnes
373 4044 401 4096 in
413 4046 521 4111 neffallt.
534 4043 633 4098 Huack
679 4040 1185 4114 ineptaqunderlieh.etBach.ejus·

121 4123 181 4178 ait:
201 4121 309 4176 somme
323 4121 491 4176 scribendum
512 4129 630 4189 neffacit,
680 4121 741 4175 dem
756 4132 817 4175 aunt
828 4121 964 4190 opinionis.
977 4121 1051 4190 Quin
1061 4121 1187 4175 adeonu-

120 4202 170 4259 aed
191 4202 297 4255 Heioaii
308 4202 488 4269 conjecturam
509 4198 567 4253 libri
581 4211 633 4253 tres
680 4211 756 4270 gatur
769 4198 899 4253 Bronckb.
908 4198 1007 4268 lepide:
1017 4221 1030 4245 α
1041 4199 1184 4269 Epitheton

122 4280 238 4334 firmant
250 4297 315 4348 quoa
326 4279 388 4332 citat
400 4279 475 4331 Voce.
679 4297 777 4331 saum
787 4276 851 4346 quid
863 4276 895 4330 ad
907 4296 963 4331 rem
979 4276 1070 4345 saciat,
1083 4296 1137 4332 uon
1148 4279 1184 4331 vi·

160 4381 198 4431 ¹7·
216 4359 307 4426 longa
317 4362 371 4412 dies
383 4361 482 4410 homiui*
489 4358 575 4408 docuit
579 4375 635 4422 pa·
681 4356 748 4423 deo,
766 4355 850 4409 nisisi
866 4354 954 4409 timuit
966 4375 1000 4409 ue
1016 4357 1131 4427 perjuria
1142 4357 1182 4410 is-

119 4457 175 4493 me
188 4442 281 4492 leones.
294 4436 444 4507 Torquatus
456 4436 551 4491 Tactus
565 4434 635 4488 hunc
681 4445 708 4487 ta
716 4433 829 4488 Veneria
840 4432 907 4488 sorte
923 4433 1157 4504 permadeacerent.
1172 4455 1186 4482 a
