2550 4972
254 647 524 710 CODlClBUS
546 652 607 710 ET
629 652 963 712 EDITIONlBUS.
1066 653 1148 714 xxxix

97 790 179 840 mure
191 779 350 841 litterarum
359 779 466 841 minori
476 802 537 842 non
545 781 698 843 admodum
710 781 823 845 diverso
833 781 868 843 ab
879 781 967 844 hodie
978 798 1121 847 consueto
1133 830 1143 861 ,

97 878 144 939 ratis
155 891 280 943 accurate
302 893 332 941 et
349 880 494 964 eleganter
507 894 641 944 exaratus
668 880 793 943 lnitiales
809 901 941 943 vmsuum
957 880 1061 947 litterae
1080 898 1148 948 sunt

93 980 210 1060 ,uriom
230 979 324 1041 rubris
342 980 519 1045 lineamentis
535 982 696 1056 distinctae,
712 1004 728 1042 a
744 980 843 1043 ceteris
865 981 980 1063 paulum
1001 997 1145 1061 separatae.

97 1079 244 1143 Pertametri
259 1081 362 1164 aquati
377 1105 443 1144 cum
458 1082 625 1145 hexametris
641 1084 733 1166 spatio
750 1107 765 1145 a
782 1085 908 1169 margine
928 1082 1044 1145 distant.
1056 1066 1152 1147 Pauca

97 1202 175 1245 ratum
189 1183 274 1245 habet
290 1184 465 1261 compendia.
479 1184 602 1270 Signum
616 1208 634 1244 u
648 1197 677 1244 et
688 1184 780 1247 vocali
793 1197 823 1247 et
834 1184 1008 1246 consonanti
1018 1186 1147 1249 inservit.

101 1278 167 1360 Qeea
182 1305 235 1346 suo
256 1283 346 1345 verbo
365 1297 531 1362 separatum.
554 1285 710 1363 Perpaucas
733 1307 792 1346 var.
816 1285 881 1347 leet.
900 1297 930 1346 et
951 1286 1147 1348 correctiones

97 1381 186 1458 adem,
202 1406 258 1466 qua
274 1396 441 1459 contextus,
460 1407 545 1447 manu
561 1387 592 1446 in
607 1385 733 1470 margine
747 1386 864 1464 scriptas
876 1386 1016 1448 continet.
1027 1386 1147 1449 Tibullo

98 1482 230 1565 subjectum
253 1485 337 1546 habet
360 1486 458 1548 Ovidii
483 1486 550 1547 Ibin
569 1509 635 1549 curn
651 1487 777 1549 scholiis.
802 1489 897 1549 Totus
919 1485 990 1547 liber
1013 1485 1051 1570 67
1069 1485 1146 1549 foliis

98 1597 195 1646 conat.
208 1586 387 1669 Apographo
403 1589 463 1671 ejus
476 1588 532 1652 levi
546 1601 593 1663 et,
606 1601 638 1649 ut
654 1588 785 1663 ridetur,
802 1587 984 1649 tumultuaria
998 1610 1064 1649 cura
1073 1588 1149 1649 lacto

99 1681 115 1740 l.
125 1686 155 1746 ll.
163 1687 298 1749 Vossium
309 1711 393 1750 usum
405 1709 486 1762 esse,
504 1701 602 1750 nostra
613 1688 729 1751 collatio
741 1687 893 1771 diligenter
905 1687 1036 1760 instituta
1052 1688 1149 1750 docet.

98 1782 178 1866 Signis.
192 1788 257 1850 sub.
270 1812 299 1850 n.
314 1810 341 1849 a.
355 1788 499 1868 (Videtur
510 1790 557 1850 hic
569 1789 645 1851 idem
659 1811 720 1851 esse
733 1789 782 1871 qui
791 1790 867 1868 apud
877 1787 1012 1862 Vossium
1024 1787 1148 1850 helerii

98 1887 190 1950 nomine
201 1889 400 1967 inscribimr.)

127 1989 157 2048 ll.
178 1990 279 2052 Codex
300 1991 480 2064 chartaceus,
497 1989 623 2074 ejusdem
638 2013 703 2051 curo
717 1990 860 2068 superiori
874 1989 995 2065 formae,
1012 2003 1107 2054 curate
1120 2002 1150 2050 et

99 2085 216 2171 eleganter
228 2092 370 2170 scriptus,
390 2093 546 2154 litterarum
564 2095 723 2156 charactere
739 2094 823 2171 paulo
840 2092 957 2155 minori.
973 2093 1150 2154 Pentametri

99 2182 188 2271 longius
202 2193 308 2255 dsunt
320 2216 337 2253 a
348 2194 475 2276 margine
487 2215 571 2276 quam
582 2195 750 2269 hexametri,
768 2216 891 2275 quorum
903 2193 1024 2287 initiales
1035 2193 1151 2276 paulum

101 2304 206 2365 ttptratre
227 2294 403 2356 ornamentis
427 2306 523 2355 carent
542 2307 572 2355 et
594 2294 723 2377 picturis.
744 2294 954 2378 Diphthougoa
974 2316 1034 2354 non
1055 2293 1150 2356 habet.

104 2387 258 2469 Qtearetius
273 2417 422 2456 annexum.
442 2396 469 2455 U
484 2395 611 2458 vocalem
630 2418 711 2477 aeque
731 2416 764 2456 ac
786 2407 995 2457 consonantem
1012 2394 1149 2476 designat.

102 2484 279 2559 &motiones
291 2495 412 2582 margini
427 2495 462 2558 ab
478 2496 576 2557 eadem
587 2517 672 2556 manu
689 2495 847 2574 adscriptae.
863 2495 944 2561 Folia
958 2493 996 2567 dr
1014 2493 1151 2572 complet.

103 2609 122 2647 t·
134 2616 161 2670 a,
176 2595 283 2680 insign.

130 2694 175 2755 lll.
189 2697 291 2759 Codex
299 2697 477 2773 chartaceus,
486 2697 573 2759 aCar.
580 2699 656 2760 Dato
663 2695 794 2775 pervenit
800 2695 835 2756 ad
842 2697 920 2757 Petr.
929 2694 1148 2774 Roudorpium‚

101 2788 178 2857 deinde
188 2797 321 2860 adl-aur.
337 2800 505 2861 Santenium
519 2796 605 2880 1760.
620 2800 646 2859 E
662 2800 744 2877 cujus
760 2797 934 2860 bibliotheca
949 2818 1005 2858 una
1020 2819 1086 2857 cum
1099 2819 1147 2857 ce·

101 2892 147 2954 teris
160 2896 236 2959 hunc
250 2898 322 2959 emit
337 2896 373 2958 de
384 2898 479 2958 Dicta.
504 2892 590 2957 1800.
608 2897 712 2956 Forma
727 2907 807 2970 oct,
824 2898 974 2960 minutiori
992 2897 1150 2961 litterarum

100 2990 234 3059 &attae
245 2996 380 3080 scriptur.
396 2995 522 3057 luitiales
534 3008 667 3073 separatae
684 3007 794 3056 exstant
809 2995 871 3057 sine
885 2995 1024 3074 pictoris,
1036 3009 1151 3075 excepta

100 3093 166 3170 Ptin
176 3098 308 3161 unnittm
323 3098 438 3172 littera,
455 3097 496 3159 D.
509 3098 581 3157 Nou
595 3108 672 3157 earet
687 3095 820 3169 mendis,
837 3118 960 3177 quorum
974 3095 1080 3171 multa,
1094 3082 1150 3157 nisi

100 3187 216 3272 laetitiae,
238 3210 317 3260 certe
339 3196 522 3282 negligentioe
542 3195 697 3258 certissima
719 3197 853 3258 ridentur
876 3195 990 3257 indicia.
1017 3195 1150 3257 Pluribus

101 3299 228 3371 qmdno
239 3299 352 3382 priores
362 3298 453 3359 utitur
465 3296 780 3375 compendiis..Semper
787 3295 823 3372 s,
843 3318 943 3369 nona,
961 3294 993 3356 in
1003 3296 1069 3357 fine.
1088 3297 1150 3379 Qut

100 3396 332 3461 mussitaret
349 3397 533 3480 Diphthongi
558 3397 681 3458 exulant.
705 3398 741 3458 H
760 3397 973 3480 frequentatur,
991 3420 1022 3458 v.
1036 3418 1061 3457 c.
1079 3398 1147 3469 bis,

100 3494 187 3575 denes,
205 3522 261 3584 pro
279 3526 287 3558 a
306 3502 350 3570 is,
369 3509 454 3558 torus.
478 3500 513 3557 ln
532 3499 657 3583 margine
671 3501 809 3561 variantes
826 3520 862 3559 ex
880 3498 961 3581 vulg.
978 3496 1148 3559 recensione

100 3590 411 3676 ltprontmdscripsita
422 3598 477 3658 nisi
489 3619 534 3658 me
544 3600 640 3660 omnia
649 3599 765 3673 fallunt,
777 3600 948 3672 Santeniur‚
960 3598 1009 3680 qni
1017 3596 1148 3657 eumdem

101 3689 180 3759 librum
189 3700 220 3760 in
232 3712 302 3761 nota
313 3720 403 3782 marg.
411 3699 447 3759 ad
457 3699 526 3760 bibl.
538 3701 602 3760 crit.
613 3699 742 3762 laudavit.
755 3700 892 3782 Complet
901 3698 949 3757 hic
960 3697 1026 3758 cod.
1038 3695 1079 3770 48
1092 3696 1144 3758 lol.

102 3792 126 3855 lt
136 3799 229 3863 bachii
251 3802 378 3863 editione
397 3813 427 3860 et
443 3799 473 3861 in
494 3813 591 3862 nostra
611 3824 640 3861 n.
658 3799 696 3874 3,
716 3813 840 3862 notatur.
864 3798 1020 3860 Librorum
1043 3799 1099 3859 FF
1116 3799 1150 3859 in

102 3891 205 3963 trouth.
222 3903 268 3963 ed.
284 3915 361 3964 unm
374 3924 438 3963 cum
454 3902 531 3962 hisce
549 3924 590 3976 2,
608 3899 650 3989 3.,
674 3901 832 3963 similitudo
848 3898 1015 3973 invenitur,
1038 3911 1073 3961 nt
1091 3920 1146 3979 pro

102 3988 176 4063 iste„
186 4002 332 4064 habendos
346 4023 409 4063 esse
421 4002 509 4062 Bach.
524 4001 571 4062 rix
584 4002 704 4063 dubitet.
721 4004 825 4062 Parum
839 4013 934 4064 autem
947 4000 1100 4084 diligenter
1120 4013 1150 4061 et

104 4113 205 4164 ²tturate
221 4104 374 4165 illisorum
388 4102 474 4164 hrisse
488 4103 701 4165 Broulrhusinm
709 4148 719 4176 ,
734 4103 765 4162 in
782 4115 899 4184 promtu
914 4115 959 4164 est
973 4103 1079 4164 videre.

132 4202 173 4264 ll.
181 4205 281 4267 Codex
288 4206 502 4279 membraneus,
511 4205 580 4267 olim
589 4204 645 4265 tuit
655 4204 735 4266 ducis
746 4205 815 4264 dela
822 4205 858 4267 V
853 4206 960 4265 ullfflre.
972 4204 1077 4263 Forma
1088 4213 1148 4262 oct.

109 4296 274 4368 mitutissima.
292 4308 328 4367 ln
341 4305 439 4367 fronte
452 4304 518 4366 libri
536 4305 629 4365 littera
642 4306 693 4376 D;
710 4305 806 4367 nitore
818 4306 879 4368 auri
894 4318 924 4369 et
938 4304 1081 4366 variorum
1094 4323 1149 4363 to·

80 4396 82 4401 ¹
111 4392 180 4463 lorum
201 4407 335 4489 splendet.
353 4406 507 4469 Character
527 4418 571 4471 cst
592 4406 729 4468 minutior
746 4450 755 4480 ,
783 4407 882 4468 similis
910 4406 970 4468 [cre
994 4403 1151 4467 uncialibus
