2550 4972
114 316 133 377 8
453 318 596 386 ALBII
625 318 840 384 TIBULLI

160 454 229 525 Nec
248 481 376 553 semper
393 453 500 549 longae
517 455 649 531 deditus
667 486 735 531 esse
753 456 833 542 riae3

111 568 178 642 Sed
198 569 297 641 Canis
317 568 446 642 aestivos
466 589 559 644 ortus
577 574 678 647 vitare
695 574 758 647 sub
777 573 896 646 umbra

159 683 317 767 Arboris,
337 685 376 757 ad
394 687 481 761 rivos
499 690 725 788 praetereuntis
745 718 848 789 aqua.

111 878 304 946 interpolatoris
320 898 429 932 manum
446 882 562 935 olentem
578 903 622 936 re-

111 956 491 1023 jiciamus,ettecrionemc0d‚
502 961 620 1015 Ascltew.

111 1046 138 1086 ct
154 1034 344 1087 Guelferbitani
362 1036 430 1089 tertii
452 1036 619 1102 adoriamur,

108 1114 282 1179 scilicet,.lnm
289 1118 620 1183 modonuncpossrrm.llrec

109 1193 208 1261 pariter
221 1195 363 1264 rejicienda
380 1206 439 1260 est,
463 1195 523 1247 licet
539 1195 619 1247 Baris.

109 1289 167 1321 carn
178 1272 364 1339 amplexnssit;
380 1291 441 1324 nam
451 1273 504 1324 aliis
512 1270 619 1323 rodicib‚

108 1349 268 1403 adversatur.
276 1352 368 1419 Neque
380 1352 405 1403 J.
416 1352 450 1403 li.
463 1350 535 1403 Voss.
547 1351 618 1402 litem

107 1426 208 1479 dirimit
219 1429 280 1497 ,qui
291 1429 318 1481 in
328 1440 428 1482 textum
439 1428 538 1500 Goyeti
549 1448 619 1482 con-

106 1508 234 1577 jecturam
248 1506 353 1572 invexit,
367 1507 568 1575 quami-isnellis
578 1526 619 1558 co·

106 1586 206 1641 ditibus
215 1587 307 1640 sultam
317 1590 391 1640 :lam
400 1590 486 1643 morlo.
492 1588 618 1653 lempna-

105 1684 169 1718 sum.
189 1665 306 1719 liuschk.
329 1684 438 1717 omnem
456 1684 545 1717 versus
562 1663 618 1714 du-

105 1743 194 1795 ritiem
211 1753 288 1811 atque
304 1742 427 1794 orationis
451 1739 616 1793 insolentiam

105 1819 162 1872 tolli
171 1838 243 1888 posse
255 1830 345 1888 putat,
357 1818 404 1872 hac
412 1819 553 1871 verborum
563 1829 618 1871 tra·

104 1900 219 1968 jectione
232 1918 238 1951 ι
250 1902 311 1951 lam
324 1917 443 1965 possunt,
462 1901 536 1950 modo
552 1918 615 1958 non,

104 1987 235 2033 contentus
256 1984 337 2031 virere
345 1998 425 2045 pareo
439 1977 616 2032 :sententiam

103 2077 179 2111 snam
198 2056 314 2111 liusrlrlc
330 2057 367 2109 sic
385 2055 518 2109 declarat:
536 2078 548 2101 s
571 2056 617 2108 Ait

104 2136 237 2201 Tibullus,
249 2155 322 2205 posse
335 2155 362 2189 se
375 2154 447 2188 nunc
459 2144 616 2187 contentum

100 2216 191 2269 rivere
211 2234 291 2285 parvo
306 2235 313 2277 ;
329 2213 375 2267 sed
393 2232 448 2266 non
475 2212 592 2265 absolute
607 2232 614 2273 ;

103 2294 339 2363 quandoquidem,
361 2303 390 2345 ut
406 2292 494 2346 scribit
514 2293 568 2355 lV,
587 2307 614 2351 1,

102 2391 168 2424 vers.
194 2374 260 2436 188,
282 2374 430 2423 desiderium
451 2380 569 2439 superest
591 2378 617 2420 et

102 2469 165 2503 cura
174 2460 287 2509 noratur,
300 2454 381 2515 (lnam
389 2470 480 2502 memor
485 2459 616 2502 anteactos

103 2546 200 2593 semper
211 2529 283 2578 dolor
291 2529 408 2578 admonet
422 2546 511 2578 annos.
527 2527 617 2595 Pergit

103 2605 221 2658 liuschk.
239 2604 414 2673 adsumatque
436 2605 486 2658 hoc
504 2607 581 2658 unire
599 2624 613 2656 a

103 2683 253 2737 doctissimo
270 2684 402 2738 Schaelero
417 2686 520 2754 probari
535 2706 541 2747 ;
562 2685 614 2736 de-

103 2765 184 2832 nique
197 2764 285 2817 addit:
301 2785 314 2809 «
336 2764 384 2815 i'el
396 2764 432 2816 sic
448 2776 536 2818 tamen
552 2783 614 2816 ma-

101 2842 149 2894 lins
157 2862 260 2896 versum
269 2843 457 2913 interpungere
466 2864 472 2897 :
485 2846 614 2909 lampas-

100 2943 175 2983 sum,
197 2927 271 2977 modo
291 2944 340 2976 non
360 2933 507 2982 contentus,
533 2928 614 2975 serere

96 3020 190 3067 parvo,
207 3011 237 3052 ut
252 2999 373 3053 adverbia
382 3001 441 3066 sem
454 3010 480 3053 ct
495 3004 567 3053 modo
578 2999 611 3054 de

101 3077 204 3129 diverso
229 3088 347 3145 tempore
359 3087 499 3129 sumantur
511 3117 518 3142 ,
531 3098 612 3144 parvo

101 3167 192 3208 autern
203 3154 332 3208 reseratur
346 3154 423 3207 simul
437 3154 469 3207 ad
480 3165 612 3208 contentus

99 3247 126 3290 et
147 3235 179 3288 ad
195 3241 294 3295 onere,
316 3234 382 3288 sicut
402 3234 471 3303 apud
490 3235 611 3304 Proper-

100 3316 184 3380 tium,
202 3316 257 3380 lll,
272 3332 322 3381 ιιι,
337 3318 378 3388 39.
389 3338 402 3360 υ
413 3315 512 3368 Sensus
523 3315 610 3383 itaque

98 3394 149 3447 loci
162 3394 254 3461 hujus,
267 3394 287 3448 si
301 3394 438 3448 liusclrkio
447 3396 609 3461 consentias,

98 3472 149 3525 erit
163 3492 169 3524 :
183 3477 227 3524 t'lle
234 3494 281 3539 ego
288 3477 411 3540 quintode
421 3493 471 3525 uon
481 3482 611 3525 contentus

97 3568 166 3602 erana
173 3568 262 3614 patira,
268 3550 328 3615 jain
335 3570 438 3617 possum
443 3571 522 3617 parra
530 3555 611 3602 viem

97 3635 245 3689 contentus,-
255 3624 291 3677 ita
303 3624 346 3679 hic
354 3645 443 3679 versus
451 3636 478 3678 et
488 3636 542 3679 tota
552 3626 610 3680 Ele·

99 3705 142 3775 gia
153 3703 250 3774 opponi
263 3706 359 3773 poterit
368 3706 424 3760 loco
433 3706 543 3775 querulo
554 3726 611 3759 rar·

98 3785 178 3839 minis
190 3783 217 3837 in
228 3784 385 3852 Messalam(
394 3789 502 3859 riis-aqi
514 3788 539 3852 ),
552 3805 609 3838 ma-

98 3862 183 3916 turius
206 3861 372 3917 hauddubie
391 3873 418 3915 et
436 3881 468 3916 eo
489 3873 609 3933 tempore

96 3940 374 4011 scripti,quonondum
382 3961 462 4011 parvo
469 3953 609 3997 contentus

97 4028 154 4071 erat
165 4019 189 4071 T
190 4019 292 4072 ibullus.
305 4017 401 4086 Vides,
416 4018 498 4074 arniee
509 4019 608 4089 lector,

98 4105 196 4163 quanta
212 4095 347 4168 diligentia
359 4094 523 4154 doctissimus
537 4099 608 4169 qnis-

669 906 719 954 qne
734 885 793 938 lruir
807 885 863 938 loco
877 885 950 954 qnasi
962 887 1091 941 mendoso
1102 906 1163 957 open

669 964 738 1017 ierre
753 963 881 1029 voluerit;
900 984 948 1017 nec
967 964 1064 1021 desunt
1079 966 1165 1020 tibile-

668 1044 767 1095 ctiones
778 1044 847 1096 inter
858 1062 921 1111 quas
933 1044 1030 1115 eligere
1041 1048 1125 1116 possis.
1133 1045 1167 1097 li-

669 1130 725 1173 reat
735 1132 823 1174 tamen
834 1132 860 1174 et
869 1122 944 1175 nobis
951 1126 1113 1178 sententiam
1123 1142 1167 1193 pro

668 1200 738 1253 serre
752 1200 954 1269 simpliciorem,
974 1222 1034 1271 quar
1052 1204 1124 1257 nulla
1134 1222 1170 1255 sa·

667 1278 1168 1349 rietatelectionis,nequeimmutatione

671 1355 779 1426 indiget.
802 1355 915 1429 Cyllenii
940 1359 1112 1426 parenthesin
1130 1357 1169 1410 ad-

668 1432 765 1498 mittas,
775 1432 904 1503 simulque
917 1435 1045 1488 Husrlrlrii
1056 1437 1172 1504 interprt¹

666 1512 812 1577 tationem,
829 1531 887 1579 quoe
903 1515 978 1567 nullo
997 1515 1082 1567 modo
1097 1516 1172 1583 traje-

666 1587 782 1640 ctionem
791 1587 874 1640 abillo
883 1592 1044 1659 propositam
1053 1591 1173 1661 requirit:

666 1677 692 1719 ct
700 1665 823 1734 nihiliam
833 1667 970 1736 impediet,
977 1688 1032 1737 quo
1040 1671 1131 1725 minus
1138 1668 1172 1721 iric

665 1764 755 1798 versus
765 1743 898 1814 eleganter
910 1757 936 1798 et
947 1746 1021 1800 facile
1030 1747 1160 1817 procedat.

699 1823 739 1873 ali.
751 1824 845 1890 longe
859 1826 959 1876 deditus
969 1842 1027 1877 esse
1040 1832 1097 1878 uie.
1115 1826 1173 1879 Hac

666 1901 745 1953 verba
758 1902 789 1953 ab
802 1901 910 1972 Heyrtio
922 1902 1039 1955 contorti
1052 1902 1173 1956 sennonis

665 1988 691 2029 et
709 1977 806 2047 ingenii
824 1996 879 2030 esse
894 1976 1037 2045 dicuntur,
1054 1980 1101 2047 qui
1118 1997 1172 2031 mor

665 2054 735 2107 addit
743 2075 748 2107 ι
756 2066 841 2108 ιοιιιιιι
848 2056 976 2109 distichon
986 2055 1012 2108 lr.
1022 2057 1038 2109 l.
1045 2058 1172 2111 sublatum

663 2152 717 2186 esse
725 2134 812 2186 velim.
825 2134 961 2187 Lucretius
974 2144 1065 2187 tamen
1076 2146 1104 2189 et
1113 2134 1172 2188 oii-

664 2211 721 2265 dins
745 2213 851 2266 Tibullo
874 2232 952 2282 opem
974 2213 1052 2266 laturi
1081 2223 1168 2284 presto

661 2302 738 2353 sunt;
758 2311 872 2361 qnorum
885 2292 974 2361 prior,
987 2291 1031 2345 lib.
1046 2291 1099 2357 IV,
1111 2311 1171 2344 vers

662 2389 720 2439 997,
726 2370 798 2437 suga
805 2373 905 2422 deditus
917 2368 997 2431 dixit3
1013 2368 1097 2436 alter,
1111 2368 1172 2421 Met.

663 2447 747 2513 xltt,
762 2470 829 2520 qai,
847 2451 955 2501 Dedilas
971 2452 1111 2517 epaon'bas
1117 2449 1171 2517 jan

661 2535 714 2579 turn
723 2533 859 2580 exercebar
867 2535 895 2580 r'n
906 2532 967 2580 illis.

696 2624 735 2673 ²7·
745 2604 856 2657 Bentlei.
868 2605 900 2657 ad
911 2603 1016 2657 Horatii
1026 2604 1054 2669 l,
1069 2604 1170 2669 Satrr,

664 2684 722 2748 reli,
730 2689 795 2736 ictus
803 2684 933 2752 corrigere
946 2684 1037 2737 maluit
1048 2684 1115 2738 citra
1125 2702 1170 2737 ne·

660 2760 814 2813 cessitatem.
823 2761 891 2813 Nam
904 2761 1032 2813 maximus
1044 2771 1075 2813 ut
1085 2760 1170 2831 splen-

661 2836 724 2902 dor,
746 2838 781 2890 ita
805 2849 881 2891 aestus
905 2840 1030 2892 tribuitur
1046 2838 1169 2893 canicule

660 2916 764 2968 orienti.
778 2916 879 2969 Alcaeus
890 2916 985 2970 cecinit
1000 2936 1006 2969 :
1020 2926 1112 2977 Λασιίς
1123 2922 1169 2971 ἑὲ·

659 3019 710 3066 μνῳ
731 3000 771 3049 aiei
790 2999 901 3050 clariana
926 2995 1034 3064 Kaipoer'
1055 2998 1168 3072 ite-,ansis

660 3082 735 3143 papeia
747 3081 815 3135 κινές.
831 3077 982 3140 Homerus,
1000 3074 1076 3129 iliad.
1089 3086 1126 3141 Ε,
1138 3077 1167 3141 ti,

660 3171 739 3221 quem
753 3153 815 3205 citat
828 3151 945 3205 Iiusclrk.
960 3163 1016 3205 nair
1031 3159 1056 3206 di
1072 3156 1096 3207 is
1107 3158 1169 3222 sipu-

660 3236 694 3290 da'e
706 3256 728 3285 ar
744 3240 783 3285 sat
800 3232 896 3290 decadae
915 3232 1033 3297 ἀκάματον
1045 3242 1090 3302 erip
1098 3217 1168 3303 dreip

661 3312 761 3385 droptuqi
775 3313 897 3378 inligatas
909 3314 930 3369 ἲς
943 3334 965 3364 τι
981 3312 1087 3377 parilem
1099 3320 1168 3377 Λαμ-

659 3412 711 3458 sepse
720 3391 866 3459 supprimere
877 3427 884 3452 ,
899 3393 1027 3455 irisupar'sae
1036 3397 1153 3443 missso.

692 3470 730 3520 28.
745 3471 792 3521 Ad
799 3475 871 3522 rivos.
882 3468 908 3520 J.
920 3468 957 3520 H.
967 3469 1042 3521 Voss.
1055 3466 1111 3523 hnc
1123 3488 1168 3521 ιο-

658 3547 747 3601 cabula
754 3546 894 3616 superioris
901 3565 990 3598 versus
997 3552 1168 3601 voceaestiros

658 3635 781 3695 corrupta
792 3644 848 3679 esse
860 3624 935 3688 dicit,
950 3624 1166 3694 amplectiturque

656 3705 835 3771 coniecturam
851 3702 1015 3769 Burmanni,
1029 3710 1108 3756 η’νιιιι
1127 3699 1166 3755 vel

656 3790 736 3851 ripam
750 3784 862 3838 scribere
875 3782 1006 3852 jubentise
1017 3781 1063 3837 sed
1073 3800 1166 3852 perpe·

657 3883 714 3915 rann
725 3883 731 3924 ;
742 3863 800 3916 licet
813 3863 885 3915 enim
896 3862 1014 3932 exempla
1025 3872 1164 3932 congerat,

657 3941 701 3993 ubi
715 3942 784 3994 rivus
795 3942 919 4013 singulari
932 3959 1048 3996 nurnero
1058 3960 1164 4012 usurpa·

657 4029 718 4085 tur,
731 4019 796 4072 nihil
808 4019 858 4072 linc
867 4019 949 4072 modo
960 4020 1097 4089 proficiete
1115 4038 1162 4072 nec

656 4096 785 4168 impedire
793 4098 1161 4170 poteritquomtnuutiaia-
