2550 4972
101 116 183 197 xcviii
389 114 449 173 DE
477 111 630 175 Aeolo
661 111 880 174 'l’lbULLO

159 251 355 313 iuncosus
376 264 518 325 atomos,
536 250 601 312 Silo.
620 247 716 309 cam.
731 268 791 324 xv,
807 270 844 309 ex
857 267 979 331 persona
992 243 1105 307 Tibadl'·

264 381 301 435 Ut
314 378 413 435 Gidnus
425 381 507 436 nullos
518 383 617 449 sordes,
632 381 797 434 nitidissimus
809 381 893 433 amnis

298 473 401 544 volvis,
418 487 442 526 et
456 494 470 527 a
484 475 545 528 limo
559 488 638 549 purus
648 474 742 548 ubique
755 473 829 528 duit:

267 565 310 620 Sic
320 588 392 635 mea,
404 569 536 621 Romanas
549 568 614 620 inter
626 568 762 621 castissima
771 567 874 632 Musas,

297 655 419 730 Undique
431 657 516 712 nativo
528 657 593 711 culta
608 657 697 712 decore
709 657 779 710 nitet.

265 749 333 822 Ergo
345 749 402 804 aliae
413 750 527 825 placeant
536 764 626 803 ornatu
638 763 705 803 trans
720 769 789 802 mare
800 758 903 800 sumto:

296 842 389 895 Nostra
400 862 459 910 suo,
474 856 499 894 et
509 843 589 916 patrio
603 844 625 895 si
638 843 718 917 placet
732 862 796 908 unu,
810 852 846 893 sat
864 849 907 891 est.

128 1042 131 1049 ,
184 983 338 1048 dnonas
354 986 542 1062 ScuoTwS,
559 987 668 1049 Nodor.
681 987 808 1048 Ciceron-
822 982 887 1044 Lib.
901 983 914 1042 l
929 1024 938 1055 ,
957 999 1021 1060 cup.
1034 989 1092 1036 vn.

142 1110 274 1175 Tibullus
287 1126 382 1176 autem
397 1114 511 1197 elegans
528 1113 623 1174 Latini
635 1114 776 1177 sermonis
791 1123 885 1191 poeta.

434 1261 536 1340 ldem,
549 1263 675 1338 ibidem,
695 1286 758 1347 cop.
775 1277 846 1323 vsu.

142 1391 198 1453 Est
221 1415 311 1475 purus
333 1406 363 1455 et
382 1394 516 1479 elegans,
541 1394 692 1478 bonusque
715 1393 875 1456 Latinitatis
894 1399 998 1451 auctor
1019 1381 1176 1473 Tibullus,

101 1498 199 1579 Eques
217 1510 246 1560 et
267 1500 329 1577 ipse
343 1502 511 1575 Romanus,
529 1523 584 1582 qua
601 1512 789 1579 tempestato,
805 1513 839 1561 ut
855 1498 1018 1578 hodieque,
1035 1487 1171 1555 nobilium

100 1625 185 1686 quam
197 1603 375 1682 plebeiorum
391 1606 496 1666 cultior
509 1627 541 1666 ac
555 1607 674 1682 politior
690 1629 784 1666 sermo
795 1604 860 1664 suit.

265 1761 369 1833 Idem,
393 1761 538 1820 Obserout.
557 1760 684 1820 Humau.
701 1759 766 1818 Lib.
779 1759 830 1832 11,
847 1777 911 1839 cop.
929 1768 1003 1817 xtlt.

140 1891 237 1956 Stilus
253 1905 282 1953 et
298 1892 411 1979 elegans
428 1905 492 1955 tum
508 1892 539 1953 in
555 1889 671 1963 verbis,
687 1904 750 1952 tum
766 1892 796 1952 in
811 1890 938 1951 numeris
953 1886 1105 1950 Tibullus:
1120 1874 1159 1940 sel

98 1998 150 2083 qui
162 2022 180 2061 e
192 1999 304 2063 Graecis
319 1999 449 2065 sontibus
462 1997 596 2081 pleraque
611 1997 788 2075 expresserit.

269 2155 362 2214 essa.
378 2155 565 2224 Bsuuuros,
580 2152 647 2211 Lib.
662 2154 728 2228 IV,
747 2152 864 2214 Adsere.
881 2173 944 2231 cup.
961 2166 1009 2210 xl.

141 2286 183 2344 Et
194 2284 258 2366 quis
269 2283 373 2345 melior
384 2282 495 2344 Tibulli
509 2283 671 2360 expositor,
686 2306 769 2365 quam
780 2283 936 2345 Tibullus?
949 2282 1001 2365 qui
1010 2293 1059 2344 tot
1069 2270 1160 2342 stetui·

101 2411 199 2470 parem
215 2411 276 2450 non
297 2389 415 2460 babuit,
437 2410 469 2449 ac
491 2409 527 2448 ne
542 2387 714 2452 imitatorem
730 2390 868 2472 quidem,
891 2411 978 2470 quem
1000 2409 1070 2451 sane
1083 2393 1164 2448 result²

102 2495 206 2560 saeeula
221 2495 338 2580 legant?
353 2497 394 2555 Et
408 2494 563 2576 saepissime
577 2495 694 2557 miratus
708 2518 771 2557 sum
787 2498 842 2558 boc
855 2494 946 2558 fatum
958 2499 1102 2559 Romanae
1114 2492 1165 2552 Ec·

101 2601 213 2673 elesiae;
229 2613 258 2660 et
272 2601 402 2662 floruisse
414 2612 445 2660 et
459 2598 624 2662 defloruisse
638 2624 694 2664 una
708 2615 791 2664 aetate
805 2602 984 2664 Amatoriam
1001 2605 1067 2687 ejus
1076 2603 1166 2663 Vens·

102 2727 182 2783 rem,
199 2717 336 2788 quantum
355 2705 472 2788 quidem
490 2704 525 2765 ad
541 2726 594 2767 nos
614 2707 737 2783 pertinet
756 2732 764 2768 ε
784 2731 849 2769 nam
866 2708 1006 2771 Martialis
1020 2722 1052 2770 et
1069 2698 1168 2789 Papinii

102 2823 205 2887 aeute,
226 2811 306 2895 quod
329 2833 363 2872 ex
380 2811 449 2888 ipsis
471 2823 502 2872 et
516 2810 613 2873 Plinio
630 2814 714 2873 etiam
733 2814 847 2897 juniore
873 2827 1008 2891 constat,
1033 2815 1100 2878 talia
1119 2828 1172 2874 noo

100 2920 186 3004 pauci
201 2918 387 3000 scripserunt.
398 2919 508 2977 Verum
521 2938 586 2979 eum
597 2917 665 3000 ipsis
675 2920 734 2980 sere
748 2921 913 2983 nominibus
924 2936 954 2984 et
970 2923 1003 2984 bi
1013 2935 1045 2985 et
1055 2941 1175 3005 sequen-

100 3027 139 3089 tis
154 3026 209 3091 aevi
224 3026 406 3088 inuriuunt.

178 3186 350 3247 Vrucauzo
368 3184 539 3258 ossvms,
558 3183 605 3241 net
617 3158 756 3244 Discursu
771 3185 842 3245 dete
857 3187 961 3247 Faoote
977 3189 1112 3251 antiche.

145 3314 293 3376 Tibulloe
308 3316 395 3392 pieno
412 3314 443 3374 di
457 3312 582 3386 soavitd,
599 3311 627 3371 di
644 3313 746 3396 grazia,
761 3314 790 3373 di
807 3327 966 3393 teneam,
984 3320 1016 3380 di
1034 3321 1192 3403 passione,

105 3422 135 3485 di
154 3422 270 3503 punita,
288 3444 305 3482 e
321 3420 348 3480 d’
362 3425 508 3504 eleganaa,
527 3431 609 3479 tanto
632 3417 680 3477 nel
699 3440 819 3482 numero
836 3437 946 3504 quanto
969 3428 1051 3490 nelle
1068 3428 1195 3512 parole,

105 3526 315 3610 marauigliosa,
328 3549 345 3589 e
359 3527 489 3609 perfetta.

385 3658 511 3716 Prraus
528 3656 706 3713 Loricmus
726 3655 906 3721 secuunus.

265 3781 335 3834 'ralis
347 3781 376 3833 in
388 3781 522 3833 Aonidum
534 3778 628 3852 patria,
642 3778 760 3852 silvisque
771 3782 849 3837 beatis

294 3870 521 3927 Perusinorum
533 3883 617 3923 saneta
628 3870 707 3924 vireta
719 3871 810 3943 liquor.
