2580 5002
169 710 212 776 30
495 702 647 771 ALBII
679 702 909 769 TIBULLI

167 850 258 921 Num
274 846 364 919 seror
381 844 526 917 incestus
543 842 636 917 sedes
651 841 771 915 adiisse
787 841 941 928 deorum,

218 963 378 1062 Sertaque
396 958 436 1032 de
455 958 577 1032 sanctis
593 958 776 1060 deripuisse
793 956 905 1030 socis?

170 1078 246 1150 Non
263 1104 342 1171 ego,
360 1073 388 1148 si
405 1072 530 1159 merui,
549 1072 697 1146 dubitem
712 1071 932 1173 procumbere
949 1068 1105 1171 templis,
1210 1097 1238 1149 ot

219 1192 265 1262 Et
283 1189 358 1262 dare
376 1188 512 1262 sacratis
529 1186 640 1260 oscula
657 1184 849 1259 liminibus:

170 1310 250 1381 Non
269 1333 330 1402 ego
347 1303 498 1380 tellurem
514 1304 655 1399 genibus
671 1328 844 1404 perrepere
863 1297 1023 1401 supplex,

221 1426 267 1497 Et
283 1424 439 1498 miserum
452 1439 568 1496 sancto
582 1420 720 1494 tundere
738 1435 836 1519 poste
852 1433 961 1516 caput.

173 1544 222 1617 At
238 1560 296 1631 tu,
314 1543 374 1642 qui
391 1541 486 1615 laetus
503 1539 590 1613 rides
606 1536 692 1612 mala
706 1551 838 1623 nostra,
855 1550 967 1608 caveto

173 1732 309 1803 epitheton
317 1750 412 1798 magna
418 1728 517 1798 ubique
528 1729 630 1782 Veneri
640 1727 683 1782 da·
732 1728 777 1777 vel
788 1727 901 1777 deorsum
909 1742 965 1776 een
973 1730 1004 1777 ui
1009 1742 1107 1793 repere·
1118 1724 1242 1791 Plautus,

173 1821 231 1864 tum
240 1830 303 1864 esse.
310 1810 433 1877 stapam
441 1811 540 1860 verim
550 1818 684 1860 essetver-
733 1802 804 1857 Rud.
820 1814 868 1855 aet.
882 1802 940 1868 tlt,
951 1820 985 1854 sc.
994 1818 1047 1870 ιιι,
1061 1821 1099 1857 vs.
1112 1808 1139 1859 5.
1151 1806 1244 1857 Burs

173 1888 240 1942 bum
250 1888 404 1957 superbum.
732 1881 1245 1951 deripere—Depennutstioneverbo-

208 1967 249 2020 83.
270 1968 337 2018 Num
350 1962 424 2031 seror
438 1967 549 2015 r‘eeesias
565 1972 615 2015 etc.
633 1962 684 2030 lp·
732 1980 793 2014 rum
802 1964 942 2028 derepereei
948 1964 1055 2028 diripere
1064 1962 1127 2016 vide
1136 1962 1245 2017 Broutk

175 2063 236 2097 sum
252 2044 353 2097 crimen
367 2041 501 2111 religionis
520 2040 622 2093 violate
641 2045 685 2092 ir-
734 2039 765 2092 ad
782 2049 917 2105 nostrum,
938 2038 1032 2093 lleins.
1043 2039 1077 2092 ad
1087 2038 1173 2095 ovid.
1183 2040 1246 2096 Met

175 2135 270 2177 testum
285 2123 387 2177 vocavit
398 2121 508 2181 Cicero;
524 2120 569 2175 sed
581 2121 631 2173 hoc
647 2121 683 2173 lo·
733 2118 777 2171 lib.
789 2118 851 2183 lll,
867 2118 967 2170 terea
976 2116 1008 2169 ad
1022 2118 1121 2173 Horat.
1131 2118 1245 2188 lV‚0d.

174 2221 207 2255 co
226 2200 382 2255 vocabulum
405 2201 480 2254 aliter
500 2198 685 2253 intellexerim.
734 2214 785 2266 ιν,
798 2217 864 2250 vers.
881 2218 906 2270 p
922 2197 958 2251 Et
969 2199 1083 2253 omnino
1094 2198 1131 2255 de
1148 2200 1245 2275 syllabis

175 2282 259 2335 Poeta
269 2300 304 2334 ne
315 2280 505 2349 interrogando
513 2279 621 2349 quidem
632 2298 686 2333 see-
735 2281 766 2331 de
777 2289 803 2331 et
816 2277 881 2331 diin
894 2279 1042 2348 compositis
1054 2298 1126 2349 sepe
1138 2279 1246 2351 pemis-

176 2359 216 2411 lns
224 2378 273 2412 ase
285 2358 454 2413 commissum
469 2357 612 2428 significan
623 2356 686 2411 nul·
734 2356 766 2410 tis
776 2397 784 2421 ‚
794 2355 846 2409 vid.
860 2356 1011 2409 Dracleeob.
1022 2356 1057 2410 ad
1076 2358 1195 2414 Livium.
1205 2358 1246 2413 lib·

175 2436 228 2489 lam
236 2437 313 2490 aliam
324 2436 419 2491 divinet
430 2437 476 2490 irs
484 2455 588 2489 causam
597 2445 685 2503 putat,
738 2436 808 2499 Vll,
821 2452 885 2486 vers.
899 2434 939 2486 23.
952 2435 989 2487 Η.

178 2534 257 2584 quam
274 2515 344 2585 quod
360 2516 392 2569 ab
404 2515 459 2569 aliis
472 2514 506 2569 sit
518 2515 688 2568 obtrectatus.
767 2514 806 2567 86.
821 2515 858 2565 Ei
868 2516 928 2565 dare
937 2517 1056 2567 sacratis.
1068 2514 1169 2569 tticum
1179 2516 1247 2571 butte

175 2592 318 2647 Nouenim
332 2594 411 2647 dixit:
427 2615 485 2647 num
501 2597 573 2647 sedes
587 2595 688 2644 deum
734 2592 840 2662 pulchre
859 2592 996 2646 illustravit
1020 2592 1147 2663 lipsius,
1168 2596 1248 2651 Elett.

174 2676 243 2735 adu·
253 2673 298 2726 sed
309 2684 479 2727 tantumreurn
488 2670 687 2739 adie‘sseseror?
734 2672 777 2724 lib.
791 2672 833 2735 ll,
849 2691 904 2741 cap.
922 2672 946 2723 6.
963 2668 1016 2724 Cui
1034 2672 1104 2726 adde
1127 2672 1248 2727 Duum

196 2752 236 2818 si
244 2754 387 2819 Sertaque...
399 2756 542 2818 deripuisse.
550 2755 625 2805 Voss.
633 2749 689 2801 vul·
736 2749 880 2804 Praecidan.
895 2769 950 2819 cap.
965 2769 997 2817 2,
1010 2768 1077 2819 quos
1090 2770 1146 2807 nec
1157 2752 1249 2805 nomi-

175 2840 266 2898 gatum
277 2831 410 2894 din'puisse
424 2828 452 2879 in
464 2837 565 2880 textum
584 2845 687 2879 revoca·
734 2839 807 2883 natos
820 2828 950 2897 exscripsit
958 2827 1071 2882 Martio.
1083 2828 1189 2903 Kemp.
1199 2829 1249 2885 dis·

176 2907 223 2959 sit.
231 2905 382 2960 Bach.eum
390 2916 494 2960 secutus
500 2916 548 2972 est,
556 2916 582 2958 et
590 2906 688 2974 pariter
734 2917 794 2961 sert.
805 2923 846 2959 vn
857 2948 864 2971 ,
877 2906 909 2959 de
919 2906 1029 2972 osculis,
1042 2927 1102 2978 rap.
1116 2910 1160 2964 2³.
1179 2908 1211 2965 B.

177 2984 274 3039 Bauer.
283 2984 480 3038 contradicente
489 2983 635 3052 Huscbkio,
643 2986 688 3053 qui
770 2985 810 3052 87.
822 2984 996 3051 Gebhardus,
1013 2986 1148 3054 quonism
1158 2987 1188 3043 iu
1198 2986 1250 3059 pri·

178 3062 254 3133 plura
265 3063 384 3131 exempla
394 3088 432 3118 eso
443 3065 552 3131 deripere
567 3062 690 3116 ostendit.
735 3082 782 3116 mo
795 3063 917 3117 Palatino
926 3074 1065 3131 proterrere
1077 3074 1153 3133 erat,
1166 3084 1250 3121 emen·

179 3141 277 3195 -virt
287 3142 411 3212 quidam,
424 3161 472 3196 nec
483 3142 500 3195 ii
512 3142 687 3212 despiciendi,
734 3142 806 3195 davit
818 3141 896 3195 unico
905 3141 1040 3195 elemento
1048 3142 1249 3212 immutato,i1

181 3220 393 3275 docentserbum
399 3225 689 3292 duperesemperusur-
729 3239 874 3288 prevertere.
884 3220 983 3274 Probat
994 3218 1065 3275 hauc
1073 3241 1155 3277 suam
1164 3242 1249 3279 emen·

182 3298 240 3369 pari
255 3299 288 3352 de
300 3301 376 3354 rebus
385 3320 443 3370 quae
455 3300 581 3353 minutim
593 3301 689 3353 distra-
738 3299 873 3352 dationem
879 3299 941 3353 locis
949 3298 1248 3375 atiquosstioromsertp

180 3378 302 3447 bantur,
323 3379 364 3432 vel
387 3379 583 3441 dilacerentur;
607 3377 687 3431 iidem
735 3389 841 3443 torum,
869 3377 913 3430 ubi
937 3377 1065 3433 mulieres
1083 3380 1247 3439 inducuntur

178 3469 285 3524 contra,
295 3463 403 3526 deripere
411 3469 562 3528 reponunt,
574 3458 619 3512 ubi
631 3477 689 3511 sen·
735 3456 1248 3525 arasatquehumumcrinibussulsesee

178 3556 222 3590 sus
232 3548 288 3601 est,
300 3542 331 3590 de
341 3541 398 3591 loco
408 3556 464 3590 cure
475 3542 506 3590 ω’
516 3556 623 3597 morere.
641 3557 690 3589 au-
735 3544 830 3587 rentes.
843 3534 910 3586 Eam
922 3534 950 3587 in
962 3554 1020 3588 rem
1033 3536 1089 3605 apti
1107 3536 1246 3595 enotat-

170 3614 248 3683 [ινιτ.
267 3614 321 3669 sed
340 3620 381 3667 dr's
393 3619 478 3681 etde‘,
494 3634 546 3684 qua
562 3614 687 3684 opinione
736 3632 783 3665 nes
800 3610 958 3678 muliebres,
977 3612 1051 3683 longi
1069 3632 1103 3668 ec
1116 3612 1246 3687 promissi,

178 3715 253 3761 suns,
262 3714 317 3748 nou
329 3695 414 3749 solum
425 3695 533 3763 alicujus
545 3695 583 3748 rei
595 3694 622 3746 in
632 3695 689 3746 mi·
736 3709 792 3744 nou
807 3709 869 3743 vero
880 3708 974 3760 genua.

182 3786 261 3829 nutas
281 3783 367 3843 partes
387 3772 602 3827 dilacerationem
618 3771 690 3825 indi-
770 3772 810 3841 89.
823 3770 914 3829 Aiiu,
932 3772 978 3836 qui
986 3771 1066 3824 icius.
1080 3769 1186 3829 Senem
1196 3782 1249 3829 est:

177 3864 258 3917 eant,
281 3870 375 3905 serum
397 3853 477 3904 etiam
496 3850 690 3920 separationem
738 3850 824 3902 Amor
830 3866 884 3899 non
896 3846 944 3898 uni
955 3845 1019 3899 mibi
1029 3885 1037 3911 ‚
1048 3848 1097 3903 sed
1109 3862 1140 3906 es
1151 3852 1246 3907 fibi..-

179 3929 211 3982 ab
230 3930 280 3983 alia
300 3949 337 3982 re.
352 3929 462 3983 toenio
479 3933 691 3983 dirnr‘siieoru'ies
737 3923 1248 3993 vicequamvismenunctemsintetess

179 4006 260 4059 modo
273 4005 400 4077 significet
415 4013 518 4060 eorru'ies
532 4013 560 4058 in
577 4010 691 4059 dirersas
738 4002 1009 4057 Brundi-carminum
1020 4002 1248 4063 immensarum-

175 4094 264 4151 pertes
273 4086 443 4153 aierep'ussr'15
454 4084 550 4149 modo,
561 4089 665 4136 eorer'ies
672 4102 691 4135 a
738 4083 805 4151 gerit
815 4080 912 4133 motem
924 4091 954 4134 ut
964 4080 1041 4135 nobis
1049 4084 1248 4152 persuasumst

181 4181 208 4215 se
218 4168 274 4228 ipso
284 4169 392 4217 mnore't.
401 4164 523 4217 Verbum
536 4164 695 4230 digrediendi
737 4160 788 4213 ciat
800 4159 857 4211 loco
872 4183 910 4214 eso
929 4162 1019 4221 tetes,
1036 4158 1188 4230 legendum
1199 4180 1248 4217 ests

181 4259 318 4311 nunquam
334 4240 402 4295 aliud
416 4241 513 4295 indicat
532 4259 611 4309 quam
621 4244 692 4292 aie're
737 4236 1148 4305 lenias;quodomninolalsum.
1156 4240 1249 4297 sueto

181 4323 315 4389 abaliquo.
328 4320 426 4373 Sensus
438 4321 518 4374 series
532 4329 571 4373 est
585 4318 688 4387 itaque,
739 4335 876 4387 perperam
884 4316 969 4387 iungit
981 4336 988 4369 ι
998 4320 1071 4370 reaia
1081 4330 1177 4375 nostra
1186 4336 1249 4375 m

183 4398 298 4465 quaehoe
307 4398 365 4453 loco
373 4397 578 4453 litemdirinsere
586 4397 690 4465 poterit.
737 4396 1248 4468 insensnsaVulpioprapositunMu

183 4476 220 4527 ll.
231 4477 461 4546 Voss-Derrpere
469 4487 510 4529 est
519 4479 686 4537 deiocoalio,
740 4473 786 4527 tibi
798 4491 853 4527 nou
867 4492 936 4528 unus
947 4473 1008 4541 (sed
1017 4493 1118 4532 omnes
1134 4476 1191 4547 tit)
1200 4492 1248 4533 ιι-
