2580 5002
180 709 218 794 14
503 710 654 779 enarr
678 712 912 781 rmum

171 848 284 925 Flebis
302 866 335 922 et
349 876 465 922 arsuro
484 850 632 950 positum
650 878 720 938 me,
738 848 854 939 Delia,
872 851 978 941 lecto,

220 964 390 1038 Tristibus
407 981 439 1037 et
456 962 608 1066 lacrymis
626 963 738 1038 oscula
755 966 858 1040 mixta
875 967 981 1042 dabis.

172 1081 306 1167 Flebis;
324 1080 468 1157 non'tua
485 1102 564 1158 sunt
579 1082 663 1157 duro
676 1084 858 1185 precordia
875 1086 964 1161 ferro

217 1199 361 1289 Vincta,
378 1228 438 1273 nec
455 1200 490 1273 in
507 1216 621 1274 tenero
638 1218 705 1274 stat
722 1200 785 1274 tibi
802 1196 901 1274 corde
918 1201 1010 1277 silex.

172 1312 235 1387 lllo
254 1342 324 1387 non
338 1313 467 1413 juvenis
481 1314 607 1415 poterit
624 1313 664 1388 (le
679 1313 794 1389 sunere
814 1317 990 1418 quisquam

219 1429 378 1516 Lumina,
396 1459 466 1503 non
482 1430 595 1526 virgo,
615 1430 700 1504 sicca
715 1429 834 1504 referre
852 1431 998 1506 domum.

174 1547 226 1619 Tu
245 1574 358 1622 manes
374 1576 416 1620 ne
430 1545 512 1620 laede
528 1573 643 1619 meos:
659 1545 717 1619 sed
734 1574 831 1647 parce
850 1547 969 1623 solutis

222 1661 401 1749 Crinibus,
421 1679 455 1734 et
471 1661 613 1746 teneris,
630 1659 746 1748 Delia,
764 1689 862 1762 parce
881 1664 985 1759 genis.
1032 1730 1036 1737 .

172 1776 320 1864 Interea,
337 1775 418 1849 dum
433 1773 500 1848 lata
517 1775 651 1863 sinunt,
668 1775 847 1875 jungamus
864 1807 1011 1853 amores:

173 1930 202 1985 in
220 1930 346 2001 Epicedio
359 1930 442 1985 nostri
453 1941 550 1999 poetoe;
566 1930 612 1985 ubi
623 1931 685 1987 Nc-

173 2010 252 2064 mesis
268 2011 301 2065 ad
313 2010 381 2066 banc
393 2009 498 2064 Deliam
511 2029 518 2062 ε
531 2032 544 2056 u
556 2052 562 2065 .
574 2052 580 2065 .
592 2051 598 2063 .
609 2010 683 2079 Quid

174 2088 234 2142 ais?
248 2089 295 2142 tibi
314 2090 368 2143 sint
387 2108 446 2143 mea
464 2088 560 2142 damna
578 2088 683 2142 dolori?

732 1930 1241 2006 bendunt,qnasifrigeretoratiocumu·

731 2009 827 2064 latione
840 2013 981 2066 verborum
993 2018 1237 2085 moestisetflctibss.

731 2091 848 2161 lacrymis
857 2101 882 2143 et
891 2090 1192 2160 tristibus-Nunquam
1202 2090 1241 2162 igi·

174 2167 223 2222 Me
241 2169 327 2223 tenuit
340 2170 458 2224 moriens
474 2168 613 2223 deficiente
626 2188 685 2222 ma-
732 2168 852 2223 turdocti
861 2168 896 2221 illi
906 2168 1025 2222 desinent
1038 2179 1139 2222 textum
1151 2187 1241 2223 resen·

173 2267 219 2301 nu.
229 2269 242 2294 s
253 2246 295 2302 Cf.
304 2247 447 2320 Antbolog.
457 2268 530 2319 grac.
542 2258 560 2302 t.
569 2249 597 2303 ll
607 2288 614 2316 ,
626 2268 682 2319 pag.

165 2326 288 2401 'da-tofi:
302 2332 377 2398 dpelo'v
389 2353 414 2396 γε
432 2336 495 2404 χειρὶ
509 2336 575 2398 palas
587 2337 628 2392 rtis
641 2337 683 2392 otiu

170 2416 238 2481 χήρα
249 2412 348 2462 tenve«
363 2417 451 2462 bracis.
469 2406 549 2459 Plura
565 2403 684 2459 imitato-

169 2502 232 2536 rum
243 2483 298 2540 loca
313 2505 361 2540 suo
374 2505 448 2539 more
467 2485 540 2539 addit
551 2483 682 2539 Brouclrb.

171 2560 253 2615 Nobis
270 2562 345 2617 liceat
366 2563 483 2634 gallicam
505 2561 682 2616 imitationem

170 2638 380 2694 venustissimam
395 2641 474 2710 buius
486 2639 589 2694 distichi
602 2638 630 2693 in
643 2640 683 2694 le-

169 2717 248 2770 ctoris
254 2719 411 2774 memoriam
419 2738 542 2773 revocare
551 2719 683 2788 ;Laharpe

169 2794 204 2850 sic
215 2797 308 2850 vertit:

219 2886 264 2926 Ab!
276 2901 315 2940 qne
323 2901 354 2926 nas
365 2886 458 2938 penpidre
466 2895 568 2925 mounnte

170 2962 195 3000 aa
210 2968 280 3000 tonsos
295 2975 355 3000 eaeor
370 2974 416 2999 vers
425 2962 453 2999 toi
461 2989 469 3009 ,
480 2960 529 2999 dens
543 2973 589 3000 rnon
603 2960 682 3000 dernier

267 3020 369 3074 moment:

218 3111 263 3163 Qus
273 3125 309 3163 per
319 3126 345 3150 un
355 3112 433 3151 dernier
439 3122 564 3153 morinensem
572 3143 580 3163 ,

168 3185 192 3224 le
204 3198 270 3237 messe
280 3199 340 3225 eneor
351 3194 380 3225 tes
393 3188 456 3225 meins
464 3188 516 3227 ‘dens
530 3202 561 3227 ω
574 3189 627 3227 mein
640 3189 680 3228 de'-

267 3259 371 3299 saillsntet

201 3345 242 3402 tir.
254 3346 345 3399 neta.
363 3344 417 3399 Hic
429 3345 517 3400 Beelrii
528 3347 679 3415 conjectura

168 3443 226 3476 rnen
241 3424 318 3478 Deru
329 3423 361 3475 ab
377 3423 414 3476 H.
425 3423 521 3478 Vossio
533 3423 561 3477 in
579 3434 679 3479 textum

169 3513 291 3572 recepta,
303 3502 348 3573 qui
368 3508 394 3558 τὲ
408 3523 447 3556 me
459 3503 613 3574 languidum
624 3526 679 3561 esse

169 3580 299 3648 declarat,
312 3581 421 3651 perinde
434 3601 463 3637 ac
473 3584 494 3637 si
506 3584 534 3637 in
551 3596 678 3654 sequente

167 3679 245 3714 versu
256 3664 319 3715 midi
331 3661 503 3729 adscriberes;
519 3683 580 3718 rave
592 3685 625 3718 ne
639 3676 680 3718 ta-

168 3738 236 3794 libus
254 3739 481 3795 immutationibus
504 3741 653 3796 consentias
669 3764 677 3807 ;

169 3816 250 3874 Orid.
261 3820 327 3875 Mes
338 3822 417 3887 XlV,
431 3823 475 3891 747
486 3841 492 3874 :
505 3821 677 3891 «Lucidaque

169 3918 260 3952 arsuro
273 3899 392 3968 portabat
405 3898 526 3952 membra
541 3898 649 3952 feretro.
664 3921 677 3947 n

168 3974 211 4031 De
232 3977 368 4032 funeribus
391 3978 597 4046 Romanorum,
618 3978 677 4033 ride

168 4056 265 4111 Joban.
285 4058 442 4113 Kimbman.
458 4059 500 4115 lib.
515 4060 545 4126 l,
564 4078 619 4128 cap.
639 4063 654 4112 5
669 4082 677 4126 ς

166 4134 210 4191 lib.
223 4139 283 4204 lll,
296 4158 350 4208 cap.
363 4161 387 4193 a.
405 4138 498 4193 Codex
509 4140 589 4195 Isaaci
604 4138 677 4193 Voss.

167 4214 272 4268 secu'nd.
283 4214 362 4269 babet
368 4221 461 4284 posito.

199 4293 240 4349 θα.
261 4296 385 4350 Tristibus
396 4305 445 4349 etc.
458 4295 577 4365 Quidam
597 4313 677 4349 corn-

167 4384 328 4429 mentatores
336 4375 405 4431 banc
416 4374 576 4431 locutionem
587 4373 678 4444 perin-

167 4449 200 4503 de
219 4471 248 4505 ac
266 4440 337 4505 tilam
350 4450 499 4521 Propertii,
513 4455 551 4507 Et
559 4457 678 4507 tremelus

167 4536 462 4601 mestison'eturfictibns
471 4536 569 4598 horror,
585 4551 676 4602 repre-

732 2247 767 2301 do
778 2287 784 2314 ,
802 2267 898 2317 suaque
911 2267 965 2301 non
976 2248 1147 2318 poetaeverba
1158 2246 1241 2319 prole·

732 2324 890 2391 rendo,suas
896 2323 1004 2394 injurias
1014 2324 1140 2394 temporis
1147 2324 1241 2379 damno

733 2402 828 2457 addere
837 2444 843 2472 ,
852 2405 886 2458 ita
898 2415 927 2458 ut
936 2445 944 2469 ,
953 2404 973 2458 si
983 2404 1038 2458 illos
1046 2424 1202 2474 sequamur,
1210 2423 1241 2459 ne

732 2481 865 2552 integrum
880 2482 986 2552 quidem
998 2504 1033 2537 vs.
1047 2482 1240 2539 retinuerimus.

753 2561 793 2615 63.
802 2563 897 2626 Helm
903 2582 954 2616 non
960 2570 1070 2617 luasunt
1075 2568 1242 2632 demptam

731 2638 858 2706 diusmo.
871 2638 1105 2696 commentatores
1117 2663 1148 2697 ac
1162 2644 1242 2698 inten-

730 2725 816 2783 pretes
837 2715 977 2770 innumera
991 2719 1109 2788 exempla
1119 2718 1149 2773 in
1162 2738 1242 2774 unum

728 2805 898 2862 congerunt,
920 2797 1014 2865 quibus
1038 2798 1241 2867 demonstrent,

729 2871 791 2926 huic
800 2873 857 2927 loco
870 2874 954 2929 inesse
965 2876 1166 2933 translationem
1174 2876 1241 2933 aser·

729 2949 752 3003 ri
765 2950 894 3021 silicisque
907 2953 993 3024 rigore
1006 2955 1122 3007 ductam.

761 3030 802 3099 57.
820 3033 859 3083 Tu
870 3051 956 3084 manes
974 3053 1005 3086 ne
1014 3035 1078 3084 Iaede
1089 3052 1167 3086 meos.
1183 3030 1242 3087 Noli

728 3105 814 3161 crines
831 3108 1019 3176 conscindere,
1037 3128 1116 3178 genas
1130 3108 1241 3177 radere,

728 3196 817 3254 pectus
836 3187 940 3240 nudum
955 3188 1067 3241 lacerare
1081 3211 1088 3249 ς
1113 3188 1155 3242 bis
1171 3190 1242 3243 enirn

727 3266 806 3319 rebus
823 3285 912 3319 manes
931 3287 1052 3320 rarorum
1066 3265 1169 3322 offendi
1189 3287 1243 3338 pu·

728 3344 833 3411 tabant,
846 3356 872 3398 et
881 3346 1003 3414 torqueri.
1012 3346 1162 3400 Bnoucnt.
1175 3344 1244 3401 Cre·

728 3422 841 3476 diderim
851 3422 987 3476 Tibullum
999 3423 1048 3477 hoc
1061 3423 1119 3476 loco
1132 3422 1242 3479 minime

726 3502 940 3570 superstitionem
948 3503 1018 3555 illam
1030 3504 1189 3572 respexisse,
1198 3501 1242 3559 sed

727 3598 758 3632 ea
765 3578 1123 3649 bocconsiliopronuntiasse,
1132 3601 1167 3635 ne
1174 3581 1243 3652 puel·

727 3655 751 3709 la
760 3656 842 3708 nimio
851 3656 956 3724 planctu
964 3655 1171 3724 pulcherrimam
1181 3676 1243 3713 oot-

728 3735 797 3805 poris
807 3735 918 3789 sormam
930 3735 1047 3790 loedaret.
1060 3738 1183 3805 labam
1191 3734 1244 3808 gsi-

726 3811 775 3865 lica
796 3832 842 3866 sua
863 3812 1009 3866 imitatione
1028 3813 1157 3868 eumdem
1177 3832 1243 3870 sett-

727 3910 787 3944 sum
798 3891 926 3961 copiosius
937 3891 1060 3962 expressit
1074 3911 1080 3946 :

727 3982 781 4021 Mais
789 3982 846 4031 perde
854 3983 965 4034 d'outrnger
974 3993 993 4021 te
1000 3983 1052 4022 belle
1060 3983 1169 4023 elevetur·
1177 4013 1188 4034 ,

726 4061 757 4100 Do
768 4059 840 4099 blesser
848 4061 873 4100 de
881 4070 915 4100 ton
923 4060 976 4100 l'ront
985 4061 1063 4100 l’ivoire
1070 4063 1204 4113 enuntianti
1209 4074 1217 4104 t

726 4135 775 4175 Au:
786 4135 851 4174 mines
864 4135 912 4174 d'un
919 4143 985 4174 sinent
992 4134 1038 4174 c'est
1046 4135 1096 4173 seire
1103 4143 1149 4189 trop
1154 4137 1244 4191 Φῆ..

789 4209 944 4259 Qusd'attenter
953 4208 964 4247 ὶ
973 4208 1079 4249 αδοιιιῑέ.

726 4286 868 4340 Mollevant
887 4285 962 4340 nobis
987 4271 1068 4340 eliam
1086 4291 1242 4356 consentin

726 4365 822 4438 quippe
833 4365 878 4438 qui
888 4367 1010 4421 verterit:

763 4485 769 4496 .
780 4485 786 4496 .
797 4485 803 4496 .
817 4460 893 4497 Betut
903 4459 1005 4509 n’outnge
1014 4459 1070 4509 point
1080 4468 1110 4500 tes
1117 4460 1219 4503 enema.

756 4531 798 4605 69.
807 4534 916 4599 Inuma,
928 4533 1056 4600 dunstato
1066 4538 1164 4591 sinunt.
1175 4536 1238 4592 Pro·
