2550 4972
247 650 516 742 coeternus
543 654 603 714 ET
631 655 964 723 EDlTlONlBUS.
1059 663 1142 748 xlvij

103 778 158 840 sicut
169 781 194 842 in
211 782 448 862 Audiffrediano,
463 784 582 850 Tibullo
598 789 748 872 adjunctm
763 802 808 852 est
822 790 992 875 Propertius
1008 814 1073 853 cum
1089 794 1141 856 hae

103 877 149 940 lilri
158 881 233 960 primi
248 883 438 968 inscriptione
450 908 457 944 ε

194 1014 301 1078 Sexus.
324 1019 678 1083 Avnse11.Pnorunru.
700 1024 771 1083 Nar

195 1135 263 1178 ras.
286 1119 559 1181 Vuen1.1scrn1r.
581 1121 687 1182 Lrnsn.
709 1124 796 1183 hene

191 1217 262 1302 gisa}
283 1218 330 1280 uel
349 1219 533 1282 monobihlos
551 1221 599 1282 Ad
620 1223 722 1285 tullum

103 1334 126 1394 lu
136 1342 201 1424 crq'us
216 1343 275 1404 fine
290 1343 352 1404 hec
365 1344 472 1428 adjecta
485 1358 529 1409 est
545 1344 733 1424 subscriptio:

191 1470 298 1531 Serri.
319 1472 505 1533 Pnoeenrn.
524 1474 638 1534 Nsvrr.
657 1495 664 1531 ι
682 1472 774 1533 Arne

190 1586 234 1632 un
253 1593 260 1631 :
277 1571 397 1647 Poene,
422 1574 656 1635 lnnvsrmssnrr
673 1598 679 1633 :
698 1575 796 1635 Lmen

188 1671 351 1733 Exenrcn.
375 1675 447 1735 sm.
469 1673 576 1734 Anno.
597 1675 735 1735 Dorum.
757 1677 797 1735 Μ.

189 1772 454 1848 ΕΕΕΕ,,Ι.ΧΧΙΙ.
474 1775 605 1868 Menos.
626 1778 823 1838 Fennvsmr:

94 1894 163 1980 Eque
180 1901 389 1982 subscriptione
411 1917 551 1986 apparet,
577 1905 649 1967 banc
671 1927 733 1967 esse
754 1906 910 1969 editionem
930 1908 1029 1984 illam,
1053 1911 1133 1992 eujus

93 2001 222 2080 ‘tenplum
240 2004 271 2064 in
289 2002 462 2066 bibliotheca
482 2006 636 2068 domestica
658 2006 784 2068 servabat
796 2008 940 2092 Vulpius,
958 2009 1083 2072 scribens
1099 2011 1133 2072 de

92 2093 139 2161 lla
149 2101 269 2179 Tibulli,
284 2128 315 2183 p.
328 2126 376 2166 20.
394 2133 409 2161 α
425 2106 483 2167 Sed
497 2106 528 2165 in
544 2106 670 2169 editione
683 2110 810 2171 omnium
819 2109 948 2193 principe
961 2111 1029 2172 anni
1039 2109 1135 2193 1472,

92 2204 170 2266 uersis
192 2205 340 2282 februarii,
362 2229 446 2290 quam
467 2208 683 2281 Brouchhusius
706 2210 866 2295 ignoravit,
886 2236 941 2297 ego
963 2234 1032 2275 vero
1055 2211 1136 2275 domi

92 2317 170 2382 tero,
192 2309 223 2368 in
240 2308 315 2371 ealce
331 2322 494 2386 poematum
510 2311 619 2373 Tibulli
636 2311 698 2373 haec
711 2312 846 2396 leguntur
863 2337 869 2371 :
890 2313 1013 2384 Albius,
1029 2324 1133 2375 etc.-

93 2397 177 2470 11¹hac
199 2409 328 2470 editione
350 2410 516 2488 Propertius
540 2411 623 2470 etiam
654 2412 776 2487 primum
801 2411 875 2495 typis
901 2433 1020 2472 excusus
1041 2424 1093 2473 est
1112 2439 1128 2467 u

90 2497 154 2570 lauto
170 2509 350 2594 frequentior
370 2523 414 2572 cst
436 2513 498 2572 haec
520 2510 608 2571 editio
631 2510 824 2587 superioribus
840 2510 905 2571 illis.
926 2513 1053 2587 Romae,
1076 2513 1132 2575 nisi

88 2597 161 2685 illm,
186 2611 245 2672 duo
266 2612 390 2690 exempla
410 2613 607 2690 reperiuntur,
630 2611 749 2672 alterum
771 2611 804 2671 in
821 2611 1002 2673 casanatensi
1020 2612 1130 2676 biblio-

86 2699 161 2786 uee,
182 2713 303 2774 alterum
324 2713 356 2772 in
372 2712 551 2774 cornuum.
571 2698 646 2772 viu
663 2711 752 2773 cam.
775 2708 908 2774 steron.
923 2714 991 2776 Nic.
1008 2714 1128 2789 nonu,

83 2824 103 2882 Ρ·
114 2831 140 2892 71
153 2811 201 2874 ubi
212 2824 385 2874 memoratur
397 2835 404 2872 ε
424 2814 552 2874 Tibullus
568 2824 598 2874 et
609 2812 771 2895 Propertius
785 2813 880 2897 1472,
892 2813 983 2887 irs-40.
995 2814 1129 2879 Tibullus

81 2904 125 2971 the
130 2914 279 2993 Propertio
289 2914 427 2989 exstabat,
443 2912 523 2996 quod
532 2937 616 2992 supra
625 2914 746 2975 vidimus
757 2958 767 2989 ,
780 2915 811 2974 in
821 2912 993 2979 bibliotheca
1002 2917 1126 2980 Veneta:

80 3001 223 3092 Propertius
241 3015 303 3077 sine
319 3012 436 3076 Tibullo
453 3013 497 3075 bis
513 3015 545 3074 in
559 3014 728 3090 Pinelliana,
745 3037 773 3075 n.
787 3011 868 3098 4920
884 3027 913 3076 et
928 3017 1018 3101 4921.
1032 3019 1128 3080 Bero-

80 3101 114 3171 l'ui
123 3136 236 3198 quoque
246 3115 387 3194 exemplar
400 3114 497 3176 adesse
508 3127 626 3176 testatur
638 3114 803 3176 Husehlius
819 3116 850 3175 in
858 3117 1040 3194 praelatione.
1051 3120 1128 3179 Nus·
1179 3181 1181 3186 ,

80 3229 138 3289 qum
151 3228 392 3279 commemoratur
403 3215 531 3279 cautus
542 3214 588 3277 vel
598 3213 715 3275 Tibullo
728 3214 772 3278 vel
786 3217 939 3294 Propertio
950 3217 996 3281 vel
1011 3218 1126 3300 uuique

80 3328 152 3378 umes
167 3316 259 3378 datus.
274 3317 315 3382 At
328 3327 418 3379 exstat
434 3327 528 3378 tamen
543 3314 674 3376 Catullus
692 3314 753 3375 sine
767 3299 834 3376 anni
850 3328 880 3380 et
896 3316 953 3378 loci
965 3329 1034 3379 nota
1044 3318 1125 3380 Can-

80 3411 182 3502 bbrigiae
193 3418 225 3478 in
238 3416 352 3500 Anglia.
361 3416 458 3478 Testis
468 3415 616 3498 estScipio
625 3414 755 3478 hlall'eius
766 3417 797 3476 in
807 3417 999 3480 vaeron.
1007 3441 1034 3500 p.
1045 3419 1125 3493 205,

80 3513 127 3592 ui,
147 3541 235 3603 agens
259 3520 294 3580 de
310 3518 416 3581 Catulli
431 3516 498 3580 loco
513 3529 646 3595 suspecto
671 3517 765 3580 Carm.
783 3517 879 3579 LXVI
897 3515 985 3602 (67),
1003 3517 1124 3592 33-34:

80 3613 161 3681 llurus
175 3643 260 3702 quarn
277 3621 356 3680 molli
364 3618 636 3702 percurritflumiue
650 3617 741 3679 Mello
754 3662 763 3691 ,
778 3619 901 3693 Bn'assh,
924 3619 1043 3679 Veronae
1058 3643 1125 3680 mu-

80 3739 104 3776 er
121 3735 218 3782 miratu
238 3742 331 3781 num:
358 3730 517 3802 «quanto,
546 3719 661 3802 inquit,
686 3719 780 3779 minus
806 3719 993 3782 haesitandum
1013 3718 1052 3780 ob
1077 3721 1124 3782 in-

80 3821 202 3884 ouditum
214 3820 313 3905 elegire
329 3819 405 3881 illius
421 3820 584 3894 distichon,
600 3842 665 3901 quae
679 3818 891 3901 corruptissima
910 3829 969 3894 est,
991 3841 1023 3882 ac
1039 3844 1125 3901 prop·

80 3939 129 3983 ura
141 3924 173 3983 in
189 3921 318 4001 plnrihru
334 3919 501 3995 codicibus,
517 3932 550 3981 ut
565 3918 596 3980 in
611 3920 755 3981 Vaticanis
770 3918 882 3993 tribus,
905 3919 1024 3986 minime
1039 3945 1124 3985 com-

80 4034 153 4098 est,
171 4043 226 4085 uec
242 4023 273 4082 in
287 4022 414 4083 editione
430 4022 492 4093 sine
508 4042 585 4082 muno
601 4034 632 4082 et
651 4023 736 4095 loco,
755 4042 838 4104 quam
856 4022 888 4083 in
904 4021 1123 4107 Cuntabrigensi

80 4125 206 4188 trademia
215 4122 294 4198 vidi,
304 4135 334 4184 et
344 4123 472 4185 omnium
482 4121 600 4206 primam
609 4122 740 4205 judicari.
751 4148 767 4177 e
778 4123 943 4195 llusebkius
953 4124 1013 4188 heec
1024 4124 1121 4185 Malfei

80 4221 135 4287 arba
148 4223 276 4286 reserens
285 4223 380 4284 addit:
395 4225 552 4299 Quamnam
563 4223 635 4283 hane
643 4223 801 4284 editionem
812 4245 873 4287 esse
885 4225 990 4298 dicam,
1006 4236 1034 4286 et
1045 4225 1121 4287 unde

80 4325 159 4388 orso?
176 4323 266 4386 Certe
280 4334 399 4385 nonest
415 4324 522 4384 Veneta
538 4322 670 4405 princeps
686 4344 733 4384 an.
753 4322 839 4410 ¹47²·
858 4326 893 4385 ln
910 4325 960 4384 hac
976 4324 1071 4398 enim,
1090 4337 1122 4384 ut
1216 4329 1218 4333 ’

80 4424 237 4508 *reliquia
256 4423 347 4506 elegia
360 4421 407 4485 illa
423 4436 521 4486 exstat.
539 4423 632 4506 igitur
648 4422 783 4489 affirmare
795 4425 907 4499 audeo,
924 4423 1026 4487 servari
1040 4423 1122 4485 (ian-

80 4526 181 4611 brigiae
201 4525 370 4602 Catullum,
386 4523 435 4587 diu
450 4523 555 4589 frustra
571 4524 721 4607 quaesitum
732 4567 742 4602 ,
755 4526 791 4589 ad
805 4525 961 4588 editionem
977 4520 1126 4586 Audillre·
