2580 5002
324 702 611 767 annotantur
633 666 948 767 anonunura.
1140 728 1174 769 cv

104 835 236 897 Natalem
247 832 456 896 celebrandum.
468 836 553 899 Tunc
565 836 641 898 enim
654 822 710 920 jani
723 836 839 898 duxerat
853 834 1002 918 Sulpitiam
1016 835 1064 896 ille
1078 848 1110 896 ut
1126 859 1177 898 os-

105 934 203 998 tendit
210 936 295 1020 hujus
302 934 402 1019 elegiae
412 960 438 998 v·
449 956 496 1011 11,
507 941 604 997 uson's
603 935 683 1016 fidos
692 938 801 1021 optabis
810 959 928 998 amores.
939 939 1037 1020 ltaque
1046 937 1176 998 existimo

106 1046 221 1115 poetam
237 1047 369 1098 nostrum
384 1039 440 1120 jam
453 1037 592 1099 Nemesin
607 1038 681 1100 circa
696 1038 771 1098 idem
782 1049 894 1115 tempus
904 1059 1026 1111 amasse,
1044 1048 1077 1098 ut
1092 1059 1108 1100 e
1126 1059 1177 1097 se-

107 1133 224 1218 quentis
230 1134 329 1222 elegiae
338 1135 522 1214 primoversu
532 1149 607 1219 patet
619 1159 685 1198 ntra
694 1159 802 1209 meam,
817 1137 965 1211 Cen'nthe,
978 1150 1032 1199 etc.
1043 1136 1176 1198 Tibullus

107 1238 179 1297 tunc
192 1235 313 1318 egregiis
327 1236 358 1297 in
374 1235 485 1298 Deliam
500 1235 671 1297 carminibus
688 1236 823 1319 illustris,
842 1236 972 1315 Sulpitiae
989 1237 1043 1297 sub
1060 1239 1179 1299 nomine

107 1335 214 1409 latens,
228 1335 322 1418 quarti
336 1333 401 1396 libri
417 1336 558 1420 elegantes
572 1356 670 1399 versus
683 1330 815 1399 Corinthi
828 1336 972 1399 amoribus
982 1337 1100 1424 largitos
1111 1350 1180 1400 erat.

483 1519 683 1596 ELEGIA
713 1521 784 1595 111.

149 1696 230 1757 Hine
244 1696 279 1758 ad
289 1696 354 1758 libri
369 1696 453 1758 finem
470 1696 505 1758 de
516 1698 633 1760 Nemesi
649 1699 758 1782 agitur,
773 1720 837 1780 quse
847 1697 957 1759 Tibulli
969 1697 1085 1758 ultimus
1099 1719 1179 1758 amor

108 1796 181 1869 snit3
197 1799 246 1859 has
264 1797 367 1880 elegias
383 1797 477 1880 itaque
503 1798 595 1873 cirea,
617 1821 663 1860 an.
681 1797 758 1882 733,
777 1797 856 1883 734,
876 1796 955 1882 735,
977 1812 1052 1862 ortas
1076 1800 1180 1861 merito

108 1895 234 1972 dixeris,
254 1897 304 1959 sed
314 1897 429 1960 inverso
440 1898 559 1974 ordine,
575 1901 747 1983 traiectaque
757 1899 857 1983 quinta
869 1940 879 1974 ,
894 1911 929 1959 ut
941 1900 1016 1961 inter
1027 1900 1138 1961 tertiam
1150 1911 1180 1958 et

107 2006 236 2078 quartam
250 2009 387 2079 appareat.
403 1997 548 2061 Caeterum
566 1997 614 2061 hic
629 1987 761 2060 rusticari
776 1996 865 2078 gestit
882 1995 1035 2072 Tibullus,
1062 2009 1179 2081 propter

106 2097 225 2161 amicam
239 2120 287 2160 rus
303 2097 470 2172 abductam,
488 2121 575 2183 seque
590 2111 687 2164 tuetur
704 2098 848 2178 Apollinis
865 2099 995 2177 exemplo
1005 2123 1014 2171 ;
1026 2099 1129 2161 deinde
1146 2100 1181 2159 de

108 2195 212 2278 puellae
225 2197 379 2280 cupiditate
395 2200 592 2282 conqueritur.

486 2347 691 2456 'ennom
722 2343 788 2453 iv.

149 2552 281 2615 Nemesis
296 2575 392 2617 amore
408 2555 574 2628 devinctus,
594 2575 683 2635 quum
697 2573 730 2614 ea
743 2572 860 2613 munera
872 2550 1050 2630 postularet,
1069 2553 1104 2612 de
1119 2554 1178 2635 ejus

108 2654 221 2716 avaritia
235 2655 336 2717 acerbe
350 2653 555 2736 conqueritur3
580 2655 650 2715 deos
667 2652 855 2737 hominesque
870 2663 998 2728 accusat,
1020 2653 1092 2714 diras
1113 2652 1181 2715 lacit

108 2753 232 2837 puellre;
259 2754 410 2815 constituit
426 2765 520 2813 tamen
534 2753 619 2815 miser
632 2753 678 2815 vel
698 2752 821 2836 paternis
835 2753 921 2815 bonis
934 2751 1058 2816 venditis
1073 2765 1181 2816 utun-

107 2853 177 2915 dere
190 2874 307 2915 munera
322 2852 425 2934 quibus
439 2852 514 2916 illam
527 2865 680 2940 expugnet.
696 2855 801 2914 Haste.

507 3061 712 3138 ELEGIA
744 3062 786 3137 V.

150 3254 326 3319 lavatorio
344 3254 474 3319 Corvino
494 3258 622 3319 Messalae
641 3257 700 3320 duo
719 3269 800 3319 erant
817 3256 886 3333 tilii,
908 3257 979 3319 alter
997 3260 1110 3322 Marem
1129 3257 1180 3342 qui

110 3357 214 3422 consul
224 3357 279 3420 fuit
288 3380 353 3420 cum
364 3358 504 3421 Cornelio
516 3358 640 3421 Lentulo
651 3380 675 3418 a.
687 3360 728 3418 U.
744 3358 780 3420 C.
796 3359 855 3441 750
865 3402 874 3432 ,
885 3360 956 3421 alter
965 3358 1072 3421 Lucius
1082 3403 1091 3435 ,
1101 3360 1181 3420 datus

109 3463 141 3522 in
151 3458 307 3543 adoptione
315 3459 424 3543 mgeuti
436 3458 563 3521 Aurelia
573 3472 602 3520 et
617 3458 709 3522 dictus
720 3461 756 3519 L.
763 3459 899 3521 Aurelius
911 3461 999 3522 Cotta
1012 3459 1182 3522 Messalinus

109 3559 250 3622 Volusus.
277 3559 371 3622 Alteri
392 3580 491 3622 eorum
516 3558 675 3644 gratulatur
696 3559 850 3635 Tibullus,
875 3560 955 3644 quod
971 3561 1003 3620 in
1027 3560 1180 3643 collegium

110 3657 275 3746 quindecim
289 3657 419 3724 virorum
432 3661 517 3723 sacris
535 3659 673 3722 faciundis
695 3672 724 3722 et
737 3660 925 3739 inspiciundis
944 3658 1023 3721 libris
1040 3659 1180 3745 sibyllinis

109 3772 261 3841 cooptatus
276 3759 372 3822 fuerit.
395 3761 524 3823 Primum
547 3761 714 3840 Apollinem
731 3763 848 3824 invocat
862 3773 897 3823 ut
917 3759 1003 3823 sacris
1019 3761 1105 3843 hujus
1125 3760 1181 3821 diei

108 3860 285 3924 solemnibus
294 3860 385 3936 adsit,
396 3874 489 3924 narrat
499 3861 566 3922 inde
579 3861 744 3944 praeclarum
752 3843 869 3945 sibylla
878 3858 1182 3924 oraculum—Rornae

107 3963 174 4028 lata·
183 3965 304 4025 -Tnm
312 3963 441 4047 prodigia
452 3962 504 4024 sub
514 3963 584 4024 illud
595 3975 707 4041 tempus
717 3962 776 4023 visa
787 3961 902 4041 repetit,
915 3959 1054 4044 habetque
1063 3962 1095 4023 in
1105 3963 1183 4026 rotis

107 4075 142 4126 ut
156 4086 189 4127 ca
205 4085 294 4143 porro
309 4063 413 4125 abolita
428 4077 459 4124 et
472 4064 578 4126 sublata
594 4063 666 4136 sint;
684 4074 784 4124 contra
797 4077 937 4124 memorat
951 4062 1068 4126 meliora
1082 4063 1181 4126 omina

107 4184 143 4226 ex
155 4165 238 4228 lauro
248 4165 280 4226 in
288 4187 334 4227 ara
346 4186 480 4238 accensa,
496 4176 526 4226 et
539 4164 657 4246 exponit
673 4164 767 4238 hona,
782 4186 849 4245 quae.
859 4163 927 4224 inde
941 4165 1000 4224 sint
1013 4185 1180 4246 consequu-

108 4277 195 4340 tura,
221 4264 309 4347 inque
325 4264 369 4325 his
387 4263 491 4326 honam
506 4284 642 4338 messem,
661 4263 831 4325 sinderniam
847 4283 879 4322 ae
902 4263 1021 4324 feturam
1041 4263 1181 4340 pecudis,

107 4362 289 4449 fecundaque
301 4364 500 4427 matrimonia:
517 4363 584 4423 inde
597 4363 686 4426 lestos
699 4363 759 4425 dies
775 4364 811 4425 ab
822 4363 977 4448 agrestibus
994 4363 1119 4425 hilariter
1130 4385 1183 4441 pe-

107 4466 252 4555 ragendos
268 4467 357 4550 inque
376 4467 412 4530 iis
430 4469 510 4530 lusus
527 4465 700 4539 amatorios;
724 4466 800 4528 inter
815 4488 889 4548 quos
908 4467 954 4528 sui
973 4465 1062 4544 ipsius
1079 4466 1183 4528 amoris

994 4611 1015 4666 Β
