2550 4972
229 112 497 171 CODIClBUS
520 111 578 169 ET
601 111 930 171 EDlTlONlBITS.
1036 112 1117 193 lxxxij

72 243 131 304 libris
141 265 193 321 pro
205 248 295 305 vestis
311 246 456 327 legebatur
468 267 602 326 qrrcrcus,
622 245 701 324 quod
715 265 768 303 nos
782 246 847 302 olim
865 244 932 304 licet
948 245 1118 305 mendosum

73 354 177 395 11111111
196 335 292 396 conati
313 358 418 395 sumus.
439 335 472 396 ld
490 334 577 396 sicui
596 334 705 415 placet,
725 356 776 415 per
795 354 840 393 me
855 332 968 414 quidem
987 345 1122 416 sequatur
1181 377 1188 391 .

10 440 18 503 ὲ
74 433 130 496 licet.
139 438 208 499 Haec
218 449 313 499 tamen
326 459 389 500 vera
401 449 444 498 est
455 437 560 511 lectio,
573 459 656 518 quum
664 458 740 495 nunc
749 436 935 518 publicamus.
947 464 961 489 1
977 435 1026 496 Ad
1035 457 1120 518 quem

10 600 17 619 ι
74 533 147 596 111111
163 547 324 615 provocant
343 536 494 620 Heynius,
516 558 545 615 p.
564 534 619 618 57,
639 537 684 597 cd.
707 538 778 609 111,
798 548 828 598 et
842 537 1120 621 Martyni-laguna,

10 622 19 673 2'
76 654 96 710 p.
106 631 171 711 651,
187 648 221 696 ut
238 636 454 710 demonstrent,
471 635 627 697 editionem
639 657 684 694 an.
707 634 800 709 1581,
814 657 946 697 nonesse
958 658 1062 697 meram
1078 657 1123 696 re·

10 746 18 789 'r
76 734 217 809 petitionem
229 734 364 796 editionis
373 757 418 795 an.
436 732 524 818 1577,
537 734 587 794 sed
599 746 782 796 retractatam.
797 733 887 816 Atqui
901 733 1026 818 Scaliger
1036 736 1122 797 etiam

76 831 180 918 111577
190 834 280 896 edidit
286 837 389 907 restis,
401 856 454 895 uec
464 835 494 895 in
504 835 708 896 commentario
719 835 834 895 alteram
844 833 998 897 lectionem
1004 855 1122 918 qrrercur

76 925 134 991 aliter
145 953 272 994 enarrare
287 945 405 994 comtos
417 944 479 1005 est,
496 933 546 994 sed
558 931 658 994 iisdem
669 932 750 1010 plane
764 931 857 993 verbis
870 929 1028 1007 enarravit,
1041 930 1073 993 iu
1083 951 1120 993 eo

31 1086 37 1091 .
76 1041 132 1088 rute
148 1032 317 1116 exemplari,
339 1053 398 1114 quo
417 1054 472 1113 ego
488 1055 565 1094 nunc
586 1044 661 1093 utor·
684 1033 764 1117 Ergo
787 1032 907 1094 fortasse
928 1028 1120 1113 intelligendae

10 1116 18 1137 '
76 1141 125 1188 suut
136 1133 220 1195 Notse
239 1132 271 1194 in
287 1134 464 1206 Varronem,
480 1157 509 1212 p.
531 1133 604 1217 174,
625 1133 673 1194 ubi
691 1134 816 1217 Scaliger
833 1133 987 1195 lectionem
1004 1153 1121 1214 quercus

10 1276 12 1281 -
77 1231 204 1304 ‘nuncin
222 1231 300 1293 unde
312 1252 343 1291 ea
360 1231 506 1293 transferri
524 1233 620 1314 potuit
636 1233 666 1294 in
681 1256 743 1297 oras
760 1232 884 1295 Plautio.
896 1244 927 1294 et
937 1230 1122 1316 Gryphianus.

76 1324 105 1389 lt
114 1331 181 1393 idem
195 1332 323 1417 Scaliger
335 1332 364 1394 in
381 1333 586 1395 commentario
601 1334 639 1394 ad
654 1334 699 1394 ed.
720 1331 812 1407 1600,
828 1333 953 1395 eamdem
965 1331 1041 1392 illam
1055 1330 1121 1393 aui-

76 1426 273 1492 madveraionem
285 1429 397 1492 iteravit
407 1430 520 1513 quidem
533 1474 542 1504 ,
558 1432 609 1491 sed
622 1431 730 1493 addidit
745 1431 828 1492 etiarn
839 1430 946 1513 aliquid
957 1473 966 1504 ,
979 1429 1121 1491 scribens:

76 1525 128 1593 fler
145 1543 236 1593 umen
255 1553 321 1594 vera
344 1543 389 1593 est
408 1532 515 1605 lectio,
535 1554 618 1614 quam
638 1556 717 1595 nunc
740 1534 936 1612 publicamus,
957 1560 972 1585 u
989 1543 1018 1593 et
1035 1552 1119 1614 quarn

73 1630 142 1707 rubro
153 1633 271 1693 editione
286 1655 346 1694 nou
357 1629 583 1713 assequebamur.
596 1661 610 1685 ι»
627 1632 685 1691 Hic
693 1635 772 1712 prior
784 1633 868 1691 editio
879 1652 940 1691 uon
952 1643 1122 1711 potestesse

75 1727 195 1806 pn'naan.
213 1729 310 1813 1577,
326 1753 379 1792 nec
397 1730 520 1793 secunda
534 1752 579 1790 au.
599 1725 691 1802 1581,
710 1729 741 1789 in
759 1731 860 1810 quibus
877 1741 921 1791 est
934 1731 1038 1802 restis,
1059 1750 1120 1790 nou

75 1847 180 1906 eternus,
195 1831 252 1893 nisi
265 1830 350 1893 verbs
368 1830 415 1892 illa
433 1841 557 1892 extrema
574 1828 721 1890 referenda
736 1827 820 1888 simul
835 1841 903 1889 sunt
918 1826 1121 1890 adlectionem

73 1946 147 1992 tersus
157 1931 302 2015 sequentis
310 1930 388 2017 309,
402 1953 467 1992 cum
475 1930 528 1993 illo
539 1928 712 1992 cohaereutis
721 1972 730 2000 ,
740 1949 825 2009 quem
834 1926 882 1986 ille
893 1926 1023 2005 prolecto
1032 1927 1120 2010 louge

73 2020 133 2090 tliter
147 2031 348 2112 interpretatus
368 2043 413 2093 cst
430 2031 461 2091 iu
478 2032 523 2091 ed.
543 2028 647 2106 1611,
671 2051 754 2112 quam
771 2030 802 2090 iu
819 2030 865 2090 ed.
884 2029 960 2114 1577
981 2043 1009 2091 et
1029 2027 1116 2092 1581.

72 2121 148 2191 llam
158 2142 254 2193 tamen
266 2131 313 2193 vel
328 2131 369 2191 sic
384 2130 508 2213 suspicio
521 2130 656 2193 editionis
669 2133 787 2213 prion’s,
798 2154 885 2213 quum
898 2132 982 2193 etiam
993 2134 1042 2193 Jo.
1055 2131 1120 2195 Au-

71 2237 128 2290 mu
140 2251 275 2305 carmen,
291 2233 346 2313 jam
360 2231 458 2309 primae
473 2219 594 2292 editioni
610 2254 655 2292 an.
670 2230 747 2316 1577
761 2232 924 2313 praefixum,
941 2232 1120 2316 inscripserit

69 2316 110 2382 lt:
122 2353 136 2378 α
146 2328 180 2387 ln
187 2326 350 2402 Catullum,
363 2326 511 2389 Tibullum
523 2341 553 2390 et
560 2330 743 2407 Propertium
754 2332 827 2391 aJo·
836 2330 999 2415 scaligero,
1012 2333 1118 2415 juvene

71 2420 157 2498 subdi,
175 2427 288 2488 Verona
298 2426 437 2498 oriundo,
459 2449 549 2505 nuper
564 2429 735 2489 emendatos.
750 2456 765 2482 n
783 2429 909 2512 Scaliger
924 2443 1007 2491 natus
1022 2429 1118 2507 1540,

67 2539 153 2587 nuum
161 2538 225 2589 turn
239 2525 338 2610 agebat
352 2528 529 2612 trigesimum
541 2529 709 2606 septimum,
726 2528 827 2611 inquo
839 2528 929 2590 aetatis
944 2531 1032 2617 gradu
1043 2554 1117 2594 con-

68 2622 290 2711 tlitutosp'uoenes
302 2628 440 2708 appellare
455 2650 515 2690 non
525 2628 600 2690 solet
611 2629 791 2690 consuetudo
802 2629 948 2692 hodierna.
959 2633 1117 2715 Utcunque

67 2730 144 2786 lmen
163 2727 223 2799 sit,
246 2727 318 2788 illud
334 2729 366 2788 in
383 2727 484 2790 oculos
501 2727 640 2802 incurrit,
659 2728 798 2790 lectiones
819 2729 954 2814 Scaligcri
970 2776 979 2807 ,
998 2733 1117 2817 margini

66 2816 235 2887 Plantiuianae
251 2825 422 2909 adscriptas,
441 2826 494 2887 sia
510 2827 607 2888 Carm.
625 2828 737 2901 xxu,
759 2848 812 2901 11,
831 2841 860 2888 et
876 2830 970 2890 Carm.
988 2833 1059 2906 XL,
1081 2829 1118 2892 13

65 2914 327 3003 &rememoratae
340 2923 490 2985 transcribi
503 2923 614 2987 eNotis
622 2924 835 2997 inVamoncm3
843 2926 989 2989 Variantes
999 2940 1115 2999 contra,

64 3038 116 3098 qu
125 3020 202 3084 ultro
217 3021 401 3107 eiragmeuto
410 3024 477 3086 libri
487 3025 585 3109 Cujac.
598 3024 748 3108 adscripta
761 3038 830 3088 sunt
843 3027 1018 3110 Gryphianus
1029 3069 1038 3100 ,
1056 3049 1116 3088 nou

61 3123 175 3199 potuisse
192 3125 372 3187 innotescere
389 3125 502 3185 Auton.
522 3126 656 3210 Grypbio
675 3147 740 3186 ann.
760 3123 861 3210 1573,
878 3126 933 3186 nisi
949 3127 1115 3188 alterutrum

60 3237 205 3297 11111111,
220 3235 270 3283 aut
278 3222 359 3285 illum
370 3223 447 3285 idem
458 3226 568 3309 Cujacii
581 3225 771 3307 fragmentum
785 3225 816 3286 in
828 3225 954 3288 manibus
966 3226 1114 3305 habuisse,

58 3333 98 3380 aut
108 3323 266 3385 editionem
281 3323 437 3408 Smligeri,
453 3347 529 3388 anno
550 3325 628 3412 1573
644 3329 779 3405 priorem.
800 3326 946 3389 Caeterum
961 3328 1115 3411 Propertio

55 3421 129 3485 eliam
139 3444 205 3485 eum
217 3423 344 3488 Scholiis
356 3425 491 3504 Cauteri,
506 3426 582 3489 sicut
595 3428 762 3511 Gryphiano
780 3426 873 3511 1573,
886 3429 1035 3511 adscriptae
1049 3443 1116 3493 sunt

53 3516 156 3586 duobus
171 3522 246 3589 locis
259 3524 399 3588 lecdones
410 3527 564 3612 scaligeri,
579 3529 611 3602 1,
626 3545 682 3603 111,
702 3527 747 3590 16.
763 3531 921 3611 Osccduque
936 3532 1050 3591 admotu
1063 3553 1114 3590 su-

50 3639 134 3698 me,
153 3634 185 3683 et
197 3644 275 3685 arma
290 3646 387 3686 manu.
403 3627 514 3711 Margg·
533 3654 548 3680 u
566 3627 692 3710 Scaliger
707 3628 790 3688 turdo
804 3628 884 3712 legit.
897 3655 913 3683 s
931 3628 974 3689 At
989 3627 1115 3712 Scaliger

46 3717 223 3784 inconcesso
230 3722 320 3785 trium
329 3722 488 3786 editionum
500 3725 584 3787 habet
595 3738 623 3787 et
631 3748 729 3800 arma,
743 3728 774 3788 iu
782 3727 990 3790 commentariis
1001 3727 1114 3788 scribit:

42 3820 144 3887 Pausi
156 3821 229 3886 olim
240 3823 408 3888 adolescens
423 3824 593 3908 legendum,
609 3848 718 3889 sumere
731 3828 830 3900 tarda,
848 3829 882 3901 1,
897 3845 955 3903 xx,
975 3847 1032 3910 17,
1050 3848 1116 3887 cur-
