2580 5002
105 734 141 775 er
328 711 616 775 nnnersnun
637 712 951 776 nnonuenrn.

474 870 706 946 ctRMEN
739 873 807 945 ΧΙ.

147 1042 273 1127 Sulpicia
285 1064 319 1103 ex
332 1042 405 1106 febri
416 1044 568 1122 laborans,
583 1042 724 1107 Cerintho
741 1066 771 1106 se
789 1045 939 1108 sollicitam
957 1067 1019 1109 esse
1034 1045 1072 1108 de
1087 1045 1177 1125 ipsius

105 1162 202 1204 amore
219 1141 368 1224 profitetur
386 1154 463 1205 etse
480 1141 696 1217 convalescere,
717 1142 794 1205 idem
812 1143 836 1206 si
858 1144 999 1206 Cerintho
1014 1143 1104 1205 fuerit
1121 1166 1178 1223 op·

106 1252 213 1317 tatum,
231 1239 319 1319 cupit.

462 1397 701 1475 CARMEN
732 1400 823 1472 Xll.

148 1546 303 1636 benitatem
312 1594 390 1634 suam
400 1615 409 1648 ,
419 1571 677 1656 quodCerintbum
684 1571 946 1655 reliqueritsolum‚
958 1581 1072 1631 meuset
1079 1568 1180 1648 puella.

451 1755 691 1828 GARMEN
723 1757 838 1828 Xlll.

150 1930 223 1988 llaec
233 1926 321 2010 elegia
329 1931 405 2005 (mea
412 1930 564 2006 sententia)
574 1930 609 1991 ad
614 1928 725 1993 Deliam
732 1929 866 2008 pertinet,
878 1940 907 1990 et
915 1939 982 2005 post
989 1927 1111 2007 primam
1119 1926 1182 1988 libri

109 2027 193 2106 primi
207 2027 326 2109 legenda
342 2040 394 2090 est.
415 2029 526 2091 Ordine
543 2053 611 2094 vero
627 2031 764 2113 temporis
779 2040 888 2093 servato
906 2050 965 2088 eam
977 2028 1083 2089 merito
1096 2051 1182 2110 quer-

108 2141 165 2189 tam
181 2130 381 2193 numeraveris.
398 2135 481 2192 Jurat
497 2145 580 2215 poeta
595 2132 697 2216 puellae
713 2155 790 2207 suae,
811 2153 841 2192 se
855 2130 881 2193 ei
899 2131 951 2192 uni
966 2142 1109 2212 perpetuo
1125 2153 1182 2192 ser-

108 2230 234 2291 viturum
247 2252 255 2288 τ
270 2253 337 2291 mox
354 2255 443 2314 quum
459 2253 488 2292 se
504 2233 714 2316 praecipitanter
726 2233 782 2294 hoc
797 2237 903 2315 jurasse
919 2231 1075 2314 intelligat,
1095 2254 1183 2313 quum

109 2329 201 2411 puella
218 2329 270 2390 hac
290 2333 457 2393 constantiae
470 2331 649 2411 professione
664 2333 767 2394 adduci
779 2334 889 2412 possit,
911 2346 944 2394 ut
960 2332 995 2394 de
1009 2333 1070 2414 ejus
1086 2354 1184 2395 amore

108 2430 190 2492 nimis
205 2452 322 2508 secura,
338 2432 368 2492 in
382 2433 452 2496 alios
465 2434 524 2516 ipsa
533 2456 644 2495 umores
659 2433 794 2516 proclivis
809 2433 864 2507 sit,
882 2433 917 2495 ad
931 2454 1028 2515 preces
1040 2433 1184 2512 supplices

111 2532 249 2617 confugit.

447 2691 690 2767 CARMEN
726 2694 833 2765 XIV.

152 2865 199 2925 De
212 2864 329 2942 pertidia
343 2863 446 2946 puellm
459 2863 622 2937 sollicitus,
642 2877 754 2925 tantum
768 2866 825 2926 boc
840 2866 871 2924 in
886 2865 963 2928 votis
981 2863 1068 2924 babet
1078 2877 1116 2925 ut
1129 2864 1187 2942 ipse

114 2962 215 3025 surdus
226 2965 272 3025 sit.
283 2966 491 3038 linteamen,
503 2987 568 3046 quoe
578 2987 640 3026 mea
651 2965 788 3025 sententia
799 2964 852 3038 sit,
867 2964 973 3043 optime
983 2975 1052 3042 post
1060 2964 1188 3045 quintam

113 3065 199 3142 primi
215 3063 280 3127 libri
294 3067 412 3149 elegiam
429 3066 558 3148 legetur,
575 3063 737 3127 lasciviente
745 3066 801 3146 jam
814 3063 896 3126 Delia
913 3076 943 3124 et
957 3063 1029 3126 alios
1047 3079 1187 3127 amatores

114 3166 187 3228 clam
200 3168 303 3231 marito
317 3169 448 3249 clamque
459 3165 577 3228 Tibullo
591 3166 766 3228 admittente.

166 3354 218 3426 De
231 3351 372 3448 singulis
388 3351 608 3447 argumentis,
628 3368 773 3452 quatuor
788 3346 951 3422 librorum
970 3346 1127 3421 ordinem
1143 3376 1189 3422 se·

118 3467 201 3554 cuti,
218 3475 283 3561 jam
300 3496 372 3569 quae
387 3469 581 3542 sentiremus
595 3467 747 3541 diximus.
766 3468 926 3566 Superest
943 3482 980 3537 ut
999 3463 1126 3561 elegias
1140 3491 1189 3538 se·

117 3587 387 3661 cundumseriem
396 3605 580 3690 temporum
590 3586 822 3687 disponamus,
836 3581 1188 3685 deniqueutScaligen'

120 3700 328 3795 traiectiones
338 3731 412 3775 cum
423 3700 565 3797 vulgatis
576 3701 778 3775 editionibus
791 3698 1009 3781 conferamus,
1029 3716 1061 3772 et
1074 3726 1188 3773 rursus

119 3813 269 3912 vulgatas
287 3816 447 3891 editiones
466 3834 499 3889 et
514 3815 618 3890 libros
632 3815 776 3918 scriptos
791 3843 864 3888 cum
880 3812 970 3886 illius
984 3813 1188 3914 depravatio

121 3931 234 4005 nibus.
249 3935 331 4007 Tres
343 3934 446 4032 igitur
461 3933 685 4006 submittimus
703 3931 830 4004 tabulas
849 3960 988 4032 quarum
1006 3931 1117 4031 prima
1131 3931 1190 4007 ele·

122 4047 191 4143 gias
207 4050 321 4125 ordine
340 4045 579 4147 chronologico
597 4048 750 4135 exhibet,
777 4049 911 4153 relique
926 4075 1005 4121 vero
1024 4049 1102 4125 dnae
1120 4046 1189 4125 rul-

122 4193 228 4240 neraa
243 4167 413 4263 scaligero
426 4166 727 4267 Brouclhusioque
738 4165 829 4240 illata
843 4184 979 4256 sanant,
997 4194 1190 4270 comparan-

122 4278 238 4380 disque
253 4281 342 4354 inter
359 4308 394 4353 se
410 4280 509 4354 variis
527 4280 729 4353 editionibus
745 4280 938 4354 inserviunt.
1063 4308 1071 4321 ·

535 4492 774 4520 -Φωυ
