2580 5002
1061 410 1071 423 Ι

219 664 576 745 00111111111511
609 663 943 727 EDlTlONlBUS·
1075 664 1118 748 liij

42 797 158 882 Proptii
174 811 204 873 ct
224 799 298 876 liber
312 800 414 870 Silvatt
431 795 515 858 Statii
526 795 632 875 papinii
650 808 663 857 t
684 797 741 858 isto
758 795 906 858 uolumine
926 792 1046 857 obtinet
1076 797 1117 856 Et

41 897 144 980 tpresn
156 904 203 960 sr'rt
215 919 303 978 opere
312 910 341 960 et
351 899 479 981 impensa
491 896 627 959 lobannis
638 897 673 958 de
685 898 793 958 colonia
803 909 833 958 et
841 895 977 959 lobannis
988 895 1116 956 mantice

42 998 80 1058 de
90 997 230 1082 ghorsam
246 999 295 1082 qui
311 1021 367 1062 uua
381 998 513 1061 veneciis
528 997 650 1061 fideliter
665 997 787 1060 viuum.

82 1092 167 1162 Hanc
183 1100 340 1163 editionem
355 1099 464 1183 primus
486 1098 616 1161 omnium
631 1098 755 1161 contulit
769 1100 836 1160 Nic.
852 1097 989 1161 Heinsius
1006 1097 1042 1157 ad
1057 1097 1118 1158 At-

42 1198 154 1274 dinam‚
171 1219 218 1260 an·
238 1197 330 1273 1515,
349 1199 396 1259 cui
411 1199 511 1260 insunt
526 1213 655 1282 excerpta
668 1199 789 1274 Petrei,
807 1199 862 1261 sub
877 1199 970 1259 littera
987 1198 1027 1260 G.
1052 1197 1118 1258 Ac-
1211 1252 1213 1259 .

42 1310 154 1377 ceperat
173 1299 307 1361 utendam
325 1297 360 1360 ab
377 1298 467 1365 lladn
491 1298 613 1360 Wallio.
640 1301 676 1358 ln
702 1297 828 1384 margine
845 1319 943 1360 manus
964 1297 1018 1359 viri
1040 1298 1120 1360 ducti

41 1399 145 1476 passim
155 1399 243 1462 varias
259 1400 398 1461 lectiones
410 1400 606 1477 adscripscrat.
618 1401 659 1461 Et
673 1398 826 1460 collatione
841 1397 996 1459 Heinsiuna
1008 1410 1040 1459 et
1054 1397 1118 1458 edi·

41 1500 123 1561 tione
138 1499 199 1582 ipsa
214 1522 283 1562 usus
298 1513 342 1561 est
355 1503 421 1562 Jan.
435 1497 643 1561 Broulhusius.
659 1499 726 1560 Fuit
739 1498 823 1559 etiam
838 1498 1020 1581 inapparatu
1038 1499 1119 1560 Petri

41 1598 199 1661 Burmanni
223 1598 350 1662 secundi.
376 1600 483 1661 Nescio
508 1621 544 1659 an
563 1599 598 1660 ad
619 1601 675 1661 boc
696 1599 937 1661 Burmannianum
958 1600 1117 1678 exemplum

40 1699 183 1783 pertineat
191 1699 327 1783 proprie,
342 1699 422 1783 quod
435 1701 586 1761 Santenius
597 1700 728 1778 privatim
738 1700 849 1764 1011ιί1
862 1725 868 1760 :
889 1728 904 1754 a
917 1705 953 1763 ln
963 1701 1008 1761 ed.
1022 1698 1116 1781 1475,

38 1800 195 1887 signatum
214 1801 246 1861 in
261 1798 353 1862 Statio
370 1800 506 1862 desinunt
521 1801 552 1860 iu
566 1824 594 1861 m
604 1847 614 1875 ‚
641 1812 670 1863 et
692 1801 724 1861 in
740 1798 840 1862 Ovidii
861 1801 1015 1884 Sappbone
1038 1801 1117 1863 inci·
1175 1798 1177 1802 ⁴

38 1900 125 1979 piunt
136 1900 169 1961 in
185 1902 222 1963 A.
235 1900 284 1962 Ab
296 1901 403 1964 ovidio
418 1913 512 1964 autem
522 1901 557 1962 ad
571 1901 754 1980 Propertium
766 1902 970 1964 continuantur
985 1923 1035 1985 per
1050 1905 1084 1964 B.
1096 1929 1112 1958 a

39 1997 153 2061 Abesse
167 2021 184 2059 a
198 1998 346 2060 nonnullis
363 1996 566 2078 exemplaribus
585 2000 708 2062 Statium
722 1999 861 2062 Panaenus
879 1999 963 2062 etiarn
980 1999 1113 2075 monuit,

39 2109 61 2157 t.
79 2097 150 2171 lll,
167 2117 196 2179 p.
215 2093 289 2170 108,
306 2119 335 2157 ιι.
356 2095 423 2184 189.
442 2099 590 2181 integrum
605 2099 703 2161 babuit
716 2098 879 2174 Harlesius,
898 2099 979 2181 cujus
995 2098 1117 2178 exempli

40 2217 103 2258 orae
121 2217 137 2257 a
158 2196 263 2259 Cortio
279 2197 430 2276 adscriptas
448 2220 509 2260 esse
532 2198 564 2258 in
580 2198 699 2262 Tibullo
714 2198 852 2261 lectiones
876 2198 963 2259 varias
980 2198 1045 2259 cod.
1061 2199 1116 2261 MS

41 2295 278 2381 (luciformi,
296 2319 326 2358 n.
338 2296 398 2372 63,
412 2298 471 2372 5¹,
486 2311 515 2359 et
525 2321 625 2381 paucas
637 2301 848 2362 emendationes
858 2299 893 2359 ad
905 2297 989 2360 Statii
1002 2297 1092 2359 Silvas
1106 2342 1116 2371 ‚

40 2397 143 2459 scribit
154 2396 186 2458 in
198 2397 283 2458 Brev-
293 2397 390 2458 Notit.
403 2397 533 2458 Litterst.
546 2401 688 2459 Roman.
703 2397 800 2483 1789,
813 2422 841 2477 p.
854 2396 903 2459 36.
916 2399 1031 2458 Scatere
1044 2397 1116 2456 banc

40 2497 199 2558 editionem
211 2495 321 2557 mendis
338 2496 550 2580 typographicis
563 2498 694 2577 queritur
705 2499 841 2560 Denisius
851 2541 860 2571 ‚
871 2519 958 2581 agens
971 2497 1007 2558 de
1021 2518 1118 2557 exem-

39 2597 91 2677 plo
107 2594 288 2659 bibliotheca
307 2595 462 2670 Garelliae,
480 2617 545 2677 quse
558 2616 604 2654 an.
623 2593 720 2679 1784,
742 2596 915 2659 Vindobona
929 2594 1116 2680 Lembergam

40 2698 173 2761 translata
192 2697 280 2759 ruite
303 2695 453 2759 'Conuenit
475 2695 590 2777 quidem
612 2695 680 2757 buic
699 2697 819 2757 editioni
835 2697 1030 2780 compluribus
1046 2698 1117 2759 locis

41 2818 109 2860 cum
123 2797 248 2873 Venae,
270 2820 317 2858 an.
335 2795 425 2879 1471.
447 2795 505 2858 Sed
519 2795 600 2858 valde
619 2808 695 2859 errat
707 2797 855 2882 Heynius,
875 2797 1021 2872 scribens,
1039 2799 1116 2858 illam

40 2919 75 2960 ex
90 2896 144 2958 bac
159 2898 326 2979 descriptam
339 2918 421 2970 esse,
438 2916 501 2982 pag.
516 2912 600 2971 xiv,
618 2897 664 2959 ed.
682 2901 747 2970 111,
764 2897 903 2980 quod-atel
914 2900 1005 2980 prima
1019 2900 1115 2960 statim

41 2998 134 3060 libril
152 2997 242 3082 elegia
259 2998 486 3060 contumellam
500 3022 527 3059 v.
546 3019 593 3058 ιο.
614 3001 724 3063 ,Venet
739 3021 786 3061 an.
806 2999 905 3083 1471,
928 2999 1027 3074 babet,
1051 3023 1116 3060 mu—

41 3121 113 3162 nera
121 3109 235 3172 mera,
253 3099 357 3161 Venet.
372 3121 417 3160 an.
433 3096 527 3181 1475,
543 3121 660 3160 munera
672 3111 786 3175 nostru,
809 3111 926 3160 notante
943 3099 1065 3161 Heinsio
1080 3102 1117 3162 ad

43 3198 113 3262 Ald-
129 3222 174 3262 an.
191 3197 281 3262 1515.
305 3197 378 3259 lbid.
392 3222 419 3259 v.
437 3221 496 3282 71,
516 3197 563 3260 ills
580 3198 662 3260 babet
681 3222 732 3259 nec
747 3222 845 3260 amare
860 3201 986 3274 decebs't,
1012 3201 1117 3263 Venet.

40 3322 89 3363 an.
117 3298 217 3383 1475,
246 3323 298 3361 nee
318 3322 415 3360 amare
437 3301 539 3361 licebit
570 3301 688 3374 Porro,
712 3301 785 3383 eleg.
810 3316 857 3374 11,
885 3326 912 3364 ι.
936 3299 987 3362 35.
1011 3302 1116 3364 Venet.

41 3421 89 3462 an.
110 3399 206 3486 1471,
227 3400 342 3462 exbibet
355 3422 420 3473 seu,
428 3398 627 3478 soeminafiet‚
645 3399 768 3474 venet,
784 3423 829 3462 an.
844 3400 941 3485 1575,
958 3400 1026 3480 fiat.
1042 3401 1115 3462 lbid.

42 3524 70 3562 v.
89 3499 151 3586 67,
175 3500 221 3563 illa
236 3499 321 3563 babet
334 3524 413 3581 quem
425 3511 521 3582 posset
541 3501 658 3575 babere,
685 3503 765 3575 hmo,
790 3524 870 3584 7110111
885 3513 980 3586 posset
1004 3504 1114 3563 babere.

41 3600 145 3687 Elegia
166 3603 232 3676 lll,
260 3625 293 3675 1,
311 3601 391 3679 prior
407 3600 490 3662 babet
504 3602 654 3674 Messala,
678 3603 822 3681 posterior
844 3604 1005 3673 Messalla‚·
1028 3626 1055 3663 v.
1072 3599 1114 3677 4,

42 3703 109 3776 illa,
129 3724 205 3763 ntors
220 3702 300 3762 modo
315 3705 415 3781 nigra,
430 3703 514 3776 baec,
531 3724 606 3763 mors
617 3725 718 3786 precor
732 3714 818 3776 aira,
836 3728 865 3764 v.
890 3702 947 3775 13,
965 3714 1059 3763 tumen
1075 3714 1118 3764 est

42 3803 174 3864 deterrita
194 3826 391 3885 nunquam...
413 3814 506 3865 tamen
528 3814 572 3865 est
587 3804 718 3870 deterrita
735 3827 883 3886 nusquam.
906 3804 978 3865 lbid.
1001 3829 1028 3866 v.
1054 3802 1112 3880 18,

42 3903 148 3967 Venet-
163 3924 209 3964 an.
230 3901 317 3983 1471.
332 3906 453 3968 Saturni
463 3926 589 3966 sacram.
599 3905 751 3966 -Venet
764 3927 810 3966 an.
831 3902 918 3988 1475.
935 3907 1055 3966 Sauarni
1066 3918 1116 3968 aut

75 4101 86 4132 ¹
103 4097 150 4150 list
160 4096 205 4151 illc
217 4099 313 4173 primus
326 4099 393 4151 inter
405 4098 615 4174 Guelferbytanos
629 4120 692 4172 quos
705 4121 778 4174 supra
792 4101 975 4176 descripsimus.

72 4199 281 4255 'Memorabilia
298 4202 420 4255 Bibliotb.
438 4203 531 4256 Gerell.
551 4225 574 4275 p.
590 4207 636 4272 52,
658 4225 685 4257 n.
701 4207 737 4271 14.
757 4206 798 4258 Ab
812 4204 860 4258 boc
874 4205 1010 4279 exemplari
1030 4205 1116 4258 aberat

41 4285 147 4340 Statius.
161 4285 235 4339 Cous.
252 4288 393 4358 Clataiague
404 4291 447 4340 des
458 4288 547 4341 liores
560 4292 592 4342 de
607 4295 637 4343 la
648 4291 818 4362 bibliotheque
831 4294 862 4344 de
867 4293 916 4361 seu
931 4291 971 4344 Μ.
985 4295 1009 4343 Ie
1019 4291 1069 4343 duc
1085 4292 1118 4343 de

40 4376 70 4425 la
83 4374 217 4431 Valtiem.
234 4385 294 4427 tom.
306 4374 345 4440 ll,
359 4395 384 4446 p.
397 4389 423 4441 1,
437 4393 494 4446 pag.
510 4376 557 4441 75,
572 4394 598 4427 u.
611 4377 690 4441 ι411;
706 4388 730 4427 et
743 4375 858 4429 biblioth.
872 4376 966 4429 Pinelli
978 4413 985 4441 ,
998 4390 1058 4428 tom.
1074 4376 1116 4443 ll,

42 4477 68 4532 p.
83 4457 146 4523 3133
160 4478 178 4509 n
199 4459 273 4532 4496.
