2550 4972
100 315 144 379 civ
316 316 605 378 enaomnuu
628 315 951 380 ARGUMENTA.

497 473 704 547 ELEGIA
738 476 782 547 X.

142 637 186 695 Ex
198 632 264 714 ipsis
278 630 386 713 Elegiae
397 631 489 692 verbis
500 630 591 713 liquet
602 644 714 713 poetam
727 622 788 692 haec'
800 630 962 708 scripsisse,
973 653 1064 713 quum
1073 629 1154 690 milite
1205 620 1207 625 ¹

102 749 164 796 turn
180 733 304 795 abiturus
315 744 390 794 esset
402 756 466 793 cum
482 731 617 805 Messala,
630 731 730 809 etjam
741 728 934 812 qur'sfhrsr'tun
946 732 1035 790 bostr‘s
1049 730 1154 791 Harum

103 838 134 896 r‘n
145 846 237 896 nostro
248 836 303 894 tela
312 837 384 912 gerit
393 835 489 893 latere.
497 835 536 892 Et
544 846 587 894 est
598 854 663 894 sane
672 833 813 912 expeditio
825 831 882 910 illa,
891 832 925 893 ad
933 828 1155 917 quam,neglectis

102 936 264 1018 praesagiis,
276 935 421 1016 profectus
430 946 489 995 erat
498 954 605 1007 revera,
616 956 705 1015 quum
712 933 849 1016 Corcyrae
859 955 935 1017 aeger
942 933 1090 1005 remansit;
1099 929 1156 993 unde

105 1035 234 1119 sequitur
251 1036 308 1097 hoc
325 1057 437 1098 carmen
454 1056 531 1095 anno
554 1032 613 1117 726
628 1035 674 1096 vel
691 1034 801 1094 ineunti
821 1056 877 1117 727
892 1035 1076 1097 tribuendum
1092 1054 1155 1111 esse,

102 1139 141 1198 ita
155 1151 187 1199 ut
201 1136 322 1218 reliquas
333 1137 447 1219 Elegias
464 1157 562 1198 omnes
575 1135 761 1218 praecesserit.
775 1136 888 1196 Bellum
903 1148 1064 1197 exsecratur
1075 1146 1156 1214 poeta,

104 1240 180 1324 pacis
194 1239 269 1298 bona
279 1238 392 1298 laudans
406 1237 493 1318 inque
508 1236 552 1296 his
566 1235 669 1297 amoris
684 1236 772 1297 lusus.
789 1239 896 1296 Utrum
910 1237 1022 1296 Deliam
1036 1250 1102 1297 tunc
1115 1256 1158 1295 no-

105 1340 178 1400 verit
189 1359 279 1398 necne
290 1336 440 1411 Tibullus,
456 1358 557 1415 parum
572 1347 700 1409 constat,
718 1336 767 1418 qui
782 1359 842 1396 earn
858 1335 976 1397 fortasse
994 1359 1097 1419 paucos
1111 1346 1159 1394 ante

107 1440 261 1501 discessum
276 1436 335 1497 dies
353 1438 398 1499 vel
410 1458 519 1498 menses
535 1436 658 1514 primum
673 1436 744 1496 vidit
759 1449 787 1496 et
803 1437 949 1499 adamavit.
965 1437 1048 1500 Licet
1060 1436 1160 1520 puellam

106 1541 160 1602 bac
173 1539 260 1622 elegia
272 1537 386 1599 silentio
401 1538 589 1619 preeterierit‚
605 1537 702 1616 potuit
712 1537 757 1599 vel
772 1538 842 1598 clam
859 1561 904 1613 se,
920 1548 1159 1606 murenarum,

107 1637 138 1698 in
155 1637 229 1698 illam
247 1639 323 1720 rapi⁷
339 1637 377 1696 ita
395 1649 427 1698 ut
443 1639 499 1719 jam
513 1637 579 1698 belli
595 1638 713 1700 taedium
728 1660 792 1698 eum
811 1650 930 1700 teneret.

297 1950 531 2058 LIBER
576 1924 1002 2059 succubus.

530 2148 767 2173 -Φ-

429 2293 636 2368 ELEGIA
668 2295 855 2368 PRIMA.

156 2470 256 2555 Elegia
273 2468 336 2529 baec
352 2467 452 2545 primae
470 2466 626 2549 superioris
641 2466 707 2528 libri
725 2467 897 2551 subjicienda
913 2480 979 2540 est,
999 2470 1025 2529 si
1049 2459 1166 2550 temporit

113 2565 252 2628 rationem
267 2576 384 2646 spectas.
399 2563 526 2625 Messalae
540 2562 615 2625 enirn
628 2564 662 2624 de
678 2564 768 2625 Gallis
778 2564 898 2626 victoria
912 2579 1085 2626 memorator
1098 2589 1122 2625 v.
1132 2555 1168 2620 33·

115 2667 218 2745 Neque
234 2663 268 2722 de
284 2663 352 2723 Asia
364 2663 509 2735 meminit,
528 2660 595 2736 ubi,
610 2659 708 2723 absens
722 2663 856 2738 Messala,
872 2688 899 2723 v.
915 2663 970 2738 31,
987 2666 1079 2725 adbuc
1089 2660 1170 2749 agebel

115 2774 149 2822 ut
161 2761 291 2836 videtur,
308 2761 438 2823 nondum
454 2760 590 2843 superatis
606 2761 747 2822 hostibus.
764 2763 846 2822 Licet
860 2762 953 2824 dicere
969 2764 1063 2842 possis
1077 2768 1170 2826 trese-

115 2863 170 2923 lam
182 2883 243 2922 non
252 2873 317 2921 ante
331 2861 454 2921 reditum
465 2882 500 2920 ex
512 2859 582 2921 Asia
592 2859 734 2921 Gallicum
746 2860 899 2923 celebrasse
911 2862 1108 2940 triumphum,
1119 2877 1172 2923 sen·

117 2960 204 3020 tentia
221 2973 320 3022 nostra
335 2959 408 3020 nibil
423 2960 490 3020 inde
509 2959 603 3022 damni
617 2961 729 3023 releret.
747 2962 811 3023 Vox
829 2961 905 3023 enim
920 2964 1071 3045 tn'umplu's
1087 2964 1121 3025 ad
1134 2963 1174 3038 ip‘

117 3082 176 3121 sam
185 3058 333 3123 victoriam
345 3058 380 3118 de
391 3057 482 3120 Gallis
493 3072 663 3138 reportatam
675 3062 745 3121 trahi
759 3073 872 3143 potest,
884 3064 1010 3144 quamvis
1023 3063 1175 3126 solemnittt

116 3161 294 3240 triumphalis
307 3160 436 3222 nondum
447 3160 597 3223 subsecuta
607 3163 652 3229 sit,
666 3162 784 3222 Sacrum
793 3161 946 3227 ambarvale
958 3164 1102 3227 describit.
1112 3158 1176 3229 Otl·

118 3261 182 3322 dius
195 3273 287 3322 totum
301 3263 356 3323 boc
364 3273 563 3343 argumentum
574 3261 608 3322 ad
617 3261 782 3324 sementivas
797 3261 878 3323 ferias
889 3264 1045 3327 transtulit.
1063 3269 1142 3328 Fast.
1151 3263 1182 3331 Ir'

118 3387 146 3424 v.
158 3359 219 3423 658
233 3386 296 3445 sqq.
307 3362 356 3421 ubi
367 3362 393 3423 ei
407 3362 555 3424 Tibullum
567 3362 606 3424 ob
617 3363 717 3424 oculos
730 3362 816 3424 fuisse
828 3365 1006 3427 manifestum
1017 3380 1071 3427 est.
1082 3370 1180 3431 Noster

119 3461 214 3539 primo
236 3463 303 3522 loco
319 3462 419 3522 indicit
437 3461 540 3523 festum
557 3462 652 3535 diem,
674 3476 736 3523 tum
751 3484 848 3540 preces
863 3465 928 3525 lacit
947 3466 982 3527 ad
997 3468 1098 3542 Deos,
1115 3485 1182 3530 conr

119 3575 259 3621 memorat
274 3564 368 3643 epulas
380 3564 479 3636 festas,
495 3576 525 3623 et
535 3563 610 3623 inter
621 3575 687 3625 vota
702 3564 830 3625 Messalae
843 3565 1017 3629 mentionem
1029 3569 1097 3630 lacit
1108 3570 1183 3653 inge·

122 3660 213 3722 niose.
232 3662 303 3722 lnde
318 3663 353 3724 ad
368 3664 463 3725 laudes
481 3664 555 3725 ruris
572 3663 760 3729 convertitur.

485 3796 715 3916 'ccccm
749 3843 798 3916 ιι.

163 4001 332 4078 Superiores
342 4024 457 4077 omnes,
473 4005 590 4065 tertium
599 4004 703 4066 librum
712 4006 854 4090 integrum
864 4051 873 4082 ,
883 4008 944 4069 imo
959 4024 1090 4091 quartum
1099 4014 1192 4094 scrip-

120 4103 191 4164 sisse
204 4102 353 4166 Tibullum
367 4104 498 4186 suspicor
509 4117 657 4187 antequam
672 4109 744 4169 banc
756 4107 876 4191 elegiam
888 4124 1002 4172 caneret
1012 4113 1048 4175 ad
1061 4114 1193 4180 Cerintbi
