2550 4972
247 640 554 706 TESTIMONIA
583 642 643 704 ET
670 642 881 707 suntote.
1040 644 1104 728 rciij

196 775 294 828 Frstris
304 775 332 827 in
344 775 437 827 AEneae
449 774 485 826 sic
496 772 569 826 illurn
582 774 669 826 sunere
685 773 771 827 diurnt

232 868 368 942 Egressum
381 867 469 935 tectis,
481 866 585 940 pulcher
599 866 668 932 tute,
680 867 738 921 tuis.

199 960 252 1012 Nec
261 961 346 1011 minus
360 972 395 1011 est
408 960 511 1012 confusa
520 960 621 1025 Venus,
635 959 759 1011 moriente
772 956 892 1025 Tibullo,

233 1052 317 1120 Quem
330 1050 417 1121 juveni
430 1051 497 1122 rupit
506 1070 585 1123 quum
598 1052 665 1104 ferus
678 1051 775 1124 inguen
788 1071 854 1124 sper.

200 1144 234 1196 At
245 1142 309 1194 seori
320 1153 404 1208 vates,
418 1154 443 1194 et
454 1141 551 1194 Dirum
561 1161 621 1194 curs
631 1161 752 1196 vocemur
763 1160 770 1194 :

236 1234 303 1287 Sunt
314 1234 390 1286 etism
400 1270 408 1298 ‚
420 1234 466 1306 qui
479 1253 526 1287 nos
538 1253 636 1287 numen
648 1233 741 1286 bebere
755 1246 851 1308 putent.

206 1324 308 1378 Scilicet
319 1344 395 1377 omne
408 1344 507 1379 sucrum
518 1344 585 1377 mors
597 1327 740 1399 importune
751 1326 885 1399 profanet:

234 1418 362 1471 Omnibus
373 1419 490 1472 obscurus
502 1416 585 1488 injicit
597 1417 641 1470 illa
653 1438 751 1471 munus.

203 1510 273 1581 Quid
287 1523 356 1582 pater
369 1510 491 1578 Ismario,
505 1508 569 1581 qnid
581 1523 659 1562 meter
670 1510 765 1584 proluit
776 1506 899 1585 Orpheo?

236 1600 356 1654 Carmine
369 1602 431 1673 quid
442 1601 521 1655 victus
534 1600 689 1674 obstupuisse
701 1598 784 1653 leros?

205 1693 315 1746 AElinon
327 1694 356 1745 in
368 1693 437 1746 silvis
449 1693 518 1745 idem
532 1705 616 1767 peter,
630 1692 755 1762 AEtinon,
769 1691 825 1747 eltis

234 1787 337 1840 Dicitur
349 1786 430 1840 invita
442 1786 598 1840 concinuisse
609 1787 673 1859 lyce.

206 1878 293 1948 Adjice
307 1879 469 1946 Menniden,
482 1898 575 1951 equo,
589 1899 635 1932 ceu
645 1881 715 1932 sonte
728 1880 850 1954 perenni,

232 1969 326 2021 Vatum
339 1968 430 2022 Pieriis
442 1990 486 2023 ors
495 1970 610 2044 rigentur
618 1971 707 2042 equis;

202 2060 276 2112 Hunc
290 2081 390 2132 qunque
402 2081 500 2114 summe
509 2062 563 2115 dies
578 2062 652 2139 nigro
667 2062 801 2117 submersit
811 2065 929 2127 Avern03

233 2151 380 2225 Diffugiunt
391 2153 478 2206 avidos
491 2154 604 2207 carmine
615 2154 669 2207 sols
680 2175 761 2228 rogos.

203 2241 282 2293 Durat
295 2263 357 2316 opus
368 2256 454 2296 vstnrn
461 2279 470 2307 ,
481 2245 586 2315 Trojrni
599 2246 667 2297 lema
679 2245 785 2311 loboris,

234 2332 366 2403 Tardaque
378 2345 502 2385 nocturno
515 2333 565 2385 tels
578 2344 671 2385 retexta
683 2333 750 2386 dolo.

206 2422 247 2474 Sic
264 2422 379 2477 Nemesis
391 2423 510 2497 longum,
523 2424 558 2477 sic
568 2424 643 2476 Delia
655 2444 751 2476 nomen
760 2423 900 2490 lssbebunt;

234 2512 335 2581 Alters,
348 2534 408 2568 cura
419 2535 524 2579 recens;
539 2515 738 2589 alters‚,primus
751 2536 829 2568 amor.

204 2605 274 2675 Quid
286 2627 332 2660 vos
343 2626 412 2660 secra
424 2606 534 2679 juvant?
547 2608 609 2678 quid
623 2627 692 2661 nunc
703 2609 827 2683 AEgpptis
838 2621 943 2684 prosunt

233 2697 329 2752 Sistrs?
344 2699 406 2771 quid
418 2699 445 2752 in
457 2719 538 2753 vscno
550 2699 692 2753 secubuisse
703 2697 778 2752 toro?

203 2788 289 2856 Quum
300 2790 398 2863 repient
409 2791 476 2844 mels
486 2793 537 2844 sets
547 2790 642 2859 bonos,
654 2790 777 2863 ignoscite
789 2793 866 2861 sesso,

233 2880 364 2935 Sollicitor
376 2882 460 2935 nullos
473 2902 524 2938 csse
537 2897 623 2958 putore
637 2883 713 2935 Deos.

204 2974 266 3026 Vive
280 2976 352 3048 pins;
366 2975 475 3029 moriere
488 2977 544 3051 pius
554 2975 626 3035 :cole
637 2995 721 3041 seem
734 2977 859 3030 colentem

234 3069 305 3121 Mors
318 3069 428 3142 gratiss
441 3069 540 3142 templis
553 3071 655 3123 incsvu
668 3068 740 3124 bustu
753 3070 843 3125 trehet.

206 3157 364 3212 Carminibus
375 3158 474 3213 confide
486 3160 560 3213 bonis
571 3180 577 3214 ε
589 3161 656 3232 jacet
668 3182 723 3216 ecce
735 3161 860 3215 Tibullus.

232 3251 281 3303 vix
294 3265 379 3304 menet
391 3273 404 3304 e
417 3265 486 3308 tento
498 3255 653 3326 parva-quod
665 3273 729 3312 urna
741 3254 815 3328 cepit

203 3340 284 3409 Tene,
298 3361 367 3395 sscer
381 3344 470 3410 Vates,
483 3344 592 3398 flemma
603 3364 706 3418 rapuere
720 3344 833 3416 rogsles3

233 3433 378 3487 Pectoribus
388 3436 456 3508 pasci
468 3455 514 3488 nec
526 3437 631 3488 tiiuusre
643 3433 711 3489 tuis?
766 3419 768 3423 i

203 3525 285 3578 bures
295 3538 439 3579 sanctorum
451 3527 589 3601 potuissent
600 3528 693 3601 templu
704 3527 819 3580 Deorum

234 3616 327 3682 Urere,
342 3635 399 3687 quae
408 3630 507 3670 tuntum
519 3618 657 3671 sustinuere
669 3619 747 3670 nesus.

202 3709 297 3760 Avertit
310 3708 410 3775 vultus,
424 3708 512 3782 Erycis
524 3728 581 3781 quae
594 3707 704 3784 possidet
715 3728 790 3761 arces.

236 3800 302 3851 Sunt
315 3820 434 3873 quoque,
447 3801 492 3872 qui
504 3800 619 3855 lscrirnss
632 3801 786 3855 continuisse
799 3813 899 3873 negent.

204 3891 254 3943 Sed
268 3904 352 3945 tamen
368 3893 416 3945 hoc
428 3893 535 3960 melius,
549 3913 626 3963 quern
637 3894 659 3944 si
671 3892 787 3950 Phaeacia
800 3890 872 3945 tellus

234 3985 353 4057 Ignotum
363 3983 409 4037 vili
420 3985 587 4059 supposuisset
598 3983 687 4036 lnumo.

201 4074 267 4127 lline
280 4087 347 4128 certe
358 4075 474 4129 madidos
484 4076 604 4150 fugientis
614 4077 701 4151 pressit
712 4075 804 4130 ocellos

235 4167 331 4231 Mater3
346 4180 370 4220 et
379 4168 407 4220 in
419 4168 515 4221 cineres
528 4168 617 4221 ultima
631 4169 699 4222 done
710 4168 787 4222 tulit:

203 4258 271 4311 llinc
281 4278 351 4312 soror
364 4259 391 4311 in
403 4272 498 4333 purtem
510 4261 600 4314 misere
611 4279 669 4314 cum
683 4272 762 4313 rostre
776 4259 870 4314 doloris

243 4350 334 4418 Venit,
347 4352 476 4405 inornatus
487 4352 608 4406 dilaniata
620 4372 712 4406 comes.

206 4438 321 4513 Cumque
331 4442 381 4496 tuis
391 4462 436 4498 suu
447 4448 584 4519 junxerunt
593 4444 758 4517 Nemesisque
767 4443 890 4521 priorque

236 4532 332 4589 Osculs
343 4554 350 4592 ς
363 4555 411 4590 nee
424 4535 490 4593 solos
506 4535 638 4593 destituere
648 4556 732 4613 rogos.
