2580 5002
247 615 566 684 utrumnum
594 617 690 685 uro.
720 618 749 683 1.
776 602 925 686 nuno.
955 619 1021 688 1v.

156 760 267 856 Quam
282 752 367 832 cito!
386 787 455 832 non
471 759 578 854 segnis
597 775 679 844 stat,
697 776 856 833 remeatve
873 758 952 833 dies.

105 877 218 974 Quam
236 875 303 949 cito
321 903 505 976 purpureos
522 876 672 977 deperdit
689 893 772 949 terra
788 876 934 950 colores!

157 991 349 1095 Quachito
363 989 524 1095 formosas
541 988 768 1093 populus-altu
785 993 909 1063 comas!
1135 1014 1169 1066 30

107 1105 219 1202 Quum
236 1106 337 1204 jacet,
355 1104 491 1179 insrrmae
505 1105 619 1183 venere
636 1098 781 1180 ubi'tlitzi
797 1104 952 1194 senectae,

158 1221 228 1316 Qui
247 1220 339 1321 prior
355 1220 437 1294 Eleo
456 1239 506 1294 est
524 1248 650 1355 efficere
667 1206 788 1296 missus
790 1249 906 1322 ,equus
918 1221 961 1295 lr'·
974 1219 1025 1307 Μ]

1043 1194 1134 1293 ,pecul

105 1424 214 1460 sensum
225 1404 319 1459 efficiat
328 1405 469 1474 integrum.
482 1403 619 1458 Buman-
666 1404 761 1462 dicitur
773 1404 804 1458 de
817 1404 865 1459 bac
874 1405 968 1458 arbore
979 1425 1076 1461 corona
1085 1407 1170 1475 sacta,

107 1503 159 1537 nus
170 1483 299 1552 conjectat
314 1487 433 1536 transr‘lr‘t.
666 1494 744 1552 caput
763 1482 874 1537 velasse:
888 1483 958 1537 unde
971 1483 1092 1538 foliorum
1113 1506 1173 1556 pars

142 1565 184 1616 28.
201 1565 270 1624 Stat,
284 1572 333 1616 etc.
345 1560 472 1616 Colotino
482 1562 565 1617 codici
575 1564 618 1616 in·
667 1562 828 1631 temporibus
839 1562 973 1616 cobterens
985 1574 1011 1616 et
1022 1566 1098 1635 capiti
1109 1606 1117 1632 ,
1129 1566 1172 1618 al-

108 1651 149 1695 est
156 1639 260 1709 it,quod
267 1641 446 1709 amplecterer,
453 1642 474 1693 si
480 1652 563 1710 poete
572 1660 618 1695 no-
667 1639 723 1692 buit
730 1639 825 1693 sudore
836 1661 843 1704 ;
857 1660 915 1710 pars
926 1660 988 1694 vero
996 1643 1109 1696 exterior
1116 1662 1173 1712 pro·

108 1718 157 1772 stri
163 1729 336 1784 sensusesset,
344 1716 458 1771 diemire
468 1718 616 1786 redireque;
667 1715 879 1785 pterinlerorum
892 1717 1017 1785 colorem,
1027 1720 1101 1790 nigra
1112 1741 1174 1789 per-

114 1795 160 1850 sed
173 1795 243 1850 aliud
255 1794 400 1866 significare
413 1796 495 1849 voluit
506 1815 618 1865 :nempe
668 1794 770 1848 mansit.
786 1818 798 1840 ›·
812 1796 877 1850 Hrec
886 1796 950 1850 albe
960 1797 1057 1868 populo
1065 1798 1174 1867 quidem

112 1868 185 1926 diem
198 1893 253 1927 non
266 1890 375 1941 segnem
385 1884 453 1938 esse,
470 1891 525 1925 non
535 1883 618 1940 stare,
669 1873 847 1941 conveniunt,
858 1872 904 1927 sed
922 1873 987 1928 nibil
1002 1874 1050 1929 bec
1062 1874 1174 1951 lectione

110 1949 618 2021 neque‚quumsemelebierit‚remeore
668 1952 814 2006 contortius
834 1952 899 2006 milri
919 1954 1004 2008 visum
1026 1966 1072 2009 est.
1091 1956 1175 2010 Poeta

111 2049 195 2103 posse.
214 2058 245 2070 —
261 2026 453 2083 Vesecundum
477 2027 621 2080 Heinsium
670 2027 790 2082 hocloco
810 2049 864 2084 non
889 2031 970 2085 instar
987 2031 1101 2104 physici,
1125 2051 1176 2085 re-

113 2121 141 2164 et
163 2105 374 2161 Brouckbusiurn
394 2105 558 2175 reposuimus
574 2122 622 2173 pro
670 2124 729 2156 rum
752 2125 848 2174 genera
860 2118 949 2173 notat,
968 2109 1014 2162 sed
1035 2109 1176 2177 proecipuus

113 2207 167 2257 que,
181 2185 468 2240 assentientibusetiam
477 2183 622 2256 Heynioet
670 2196 885 2252 commemorat,
911 2196 989 2255 utque
1020 2188 1089 2239 inter
1116 2186 1177 2240 alies

113 2264 220 2331 Vossio,
228 2261 431 2333 quiaucrorime
440 2263 518 2315 unius
527 2260 623 2315 codicis
671 2264 783 2318 maxime
794 2265 907 2335 insignes
922 2276 949 2318 et
962 2266 1110 2318 eminentes
1123 2285 1129 2318 :
1141 2265 1178 2319 itu

113 2342 254 2397 lectionem
266 2339 383 2392 firmant.
672 2353 770 2395 terram
781 2343 899 2411 quamvis
908 2342 1112 2412 pulcherrimam
1122 2362 1179 2409 ,or-

149 2439 191 2490 ³9·
208 2419 337 2484 Deperdr't.
355 2416 389 2469 ll.
400 2416 476 2468 Voss.
488 2414 546 2468 loco
563 2415 624 2467 bu·
672 2428 764 2471 natum
775 2418 920 2488 deperdere
929 2419 1046 2484 ait,tum
1055 2419 1086 2473 ad
1098 2439 1179 2490 popu·

114 2498 193 2553 eretii
201 2509 229 2550 et
237 2496 326 2549 codice
337 2495 496 2561 unol'retus,
506 2499 627 2562 duperdrr
673 2493 728 2547 lum
740 2513 813 2564 reque
826 2493 1062 2548 loliisdenudatam
1075 2497 1177 2564 transit,

113 2577 248 2646 corrigere
257 2594 333 2629 ausus
341 2585 387 2629 est.
398 2574 452 2629 Sed
459 2574 534 2627 illum
542 2575 563 2628 si
571 2585 624 2628 tnn-
672 2573 734 2627 licet
745 2593 775 2626 ea
787 2573 819 2626 sit
835 2577 904 2633 atra,
921 2576 1041 2638 superba.
1056 2593 1179 2640 proceras

113 2669 176 2712 tum
187 2654 302 2708 Lucretii
311 2654 408 2709 citsndi
417 2654 576 2709 desiderium
588 2666 625 2709 te·
674 2648 788 2719 denique
808 2668 905 2718 equum
922 2649 1022 2704 inducit
1038 2652 1099 2720 qui,
1115 2651 1181 2705 Eleo

116 2736 193 2799 nuit,
204 2753 252 2786 cur
265 2751 320 2786 non
335 2732 402 2787 libro
414 2733 474 2800 lll,
487 2752 552 2788 vers.
562 2735 624 2801 526,
673 2747 776 2782 carcere
787 2727 894 2796 ruimus,
904 2729 974 2798 quod
984 2749 1113 2799 equorum
1122 2751 1180 2785 me-

113 2813 172 2868 bec
184 2799 362 2883 deprompsit3
381 2811 577 2866 «membratim
590 2812 626 2864 vi·
673 2806 774 2859 timum
797 2806 888 2874 decus,
914 2806 1085 2863 nibilominus
1108 2830 1181 2865 nunc

116 2892 197 2947 talem
206 2889 352 2961 deperdere
358 2889 483 2961 sensum?
495 2908 625 2944 »curnon
673 2886 724 2941 tata
736 2898 846 2943 seneetre
859 2888 935 2957 subit.
949 2888 1074 2943 Nouerat
1087 2892 1178 2960 igitur,

116 2971 235 3027 Plinium
247 2970 358 3040 resperit
371 2969 502 3025 dicentem
514 3010 521 3036 ,
539 2969 624 3036 XVl,
674 2987 722 3021 cur
734 2969 890 3039 interpretes
900 2970 1035 3024 Tibullum
1047 2972 1074 3024 in
1088 2972 1181 3028 descri-

117 3049 151 3114 34
159 3067 166 3101 :
173 3069 186 3093 s
195 3045 402 3100 Creteroeomnes
412 3056 483 3101 extra
492 3046 626 3115 predictas
674 3044 766 3099 bendis
776 3046 916 3116 generibus
926 3059 1110 3114 morarentur,
1123 3068 1180 3103 sen·

115 3124 180 3178 totta
191 3123 339 3194 deperdunt
348 3124 360 3177 i
370 3147 383 3170 »
392 3135 418 3179 et
427 3123 470 3179 lib.
482 3123 625 3190 XXXVll,
674 3143 784 3193 sumque
792 3123 929 3179 effutirent
936 3143 1042 3195 prorsus
1051 3127 1181 3197 inelegan-

115 3204 212 3274 cap.8:
224 3226 237 3247 σι
248 3202 627 3273 Quaesuntesrumpulcbrio-
674 3211 729 3253 tem
752 3212 778 3255 et
804 3201 967 3275 languidum.
985 3231 1018 3242 —
1042 3204 1181 3273 integrum

117 3302 163 3336 res
181 3283 256 3349 oleo,
273 3293 408 3353 unguento
423 3293 450 3337 et
466 3301 540 3337 mero
551 3280 627 3338 colo-
677 3280 747 3334 bunc
771 3281 857 3335 locum
868 3284 871 3289 '
883 3282 1025 3336 credideris
1037 3281 1104 3335 ‘sere
1127 3304 1182 3339 esse

119 3380 178 3415 rem
192 3359 346 3430 deperdunt.
360 3382 374 3408 u
676 3361 826 3427 Theocriti,
838 3362 903 3435 ldyl.
918 3363 1014 3416 xxtlt
1025 3401 1032 3426 ,
1045 3382 1081 3416 vs.
1093 3366 1132 3416 28,

155 3440 197 3493 30.
217 3443 287 3492 Atta.
303 3438 418 3511 Scaliger
430 3449 457 3491 et
469 3439 628 3493 Passeratius
708 3440 748 3493 322
760 3447 886 3509 (lur'prior
894 3452 942 3496 etc.
956 3442 1080 3495 Heinsius
1090 3462 1182 3497 emen·

119 3525 181 3570 ante
190 3536 274 3570 comas
285 3528 402 3585 tuentur,
411 3529 488 3587 atque
497 3518 629 3588 interpre-
676 3517 753 3572 dabat
773 3522 891 3573 Victore!
900 3521 980 3582 Eleu
990 3519 1119 3573 Brouckb.
1135 3522 1182 3589 qui

120 3606 214 3649 tantur
225 3599 264 3656 cele
278 3605 329 3666 epis
342 3600 425 3663 ripen
440 3595 503 3662 sed,
516 3606 544 3651 ut
560 3597 627 3649 bene
677 3594 1109 3663 eumrefellit,deditpr1irs‚quodin
1119 3598 1183 3652 duo·

124 3683 201 3728 notat
210 3673 340 3747 lleynius,
350 3674 403 3728 bec
413 3694 443 3727 ex
451 3673 630 3728 obscuraseri-
676 3674 723 3727 bus
731 3674 861 3728 codicibus
869 3674 972 3741 legitur;
985 3674 1106 3743 Heynius
1111 3681 1183 3740 prior

120 3763 200 3826 ptura
205 3751 453 3822 protecuvidentur.
463 3754 493 3807 ln
500 3753 571 3808 libris
576 3755 631 3825 qui·
677 3761 777 3815 servat,
799 3750 946 3818 eodemque
956 3769 1035 3804 sensu
1047 3751 1184 3821 intelligit,

120 3830 234 3887 busdam
247 3832 345 3902 ¹legitur
358 3836 420 3886 alta.
436 3832 576 3906 lleynius,
594 3834 630 3887 ll.
679 3838 817 3901 quoprr'us.
828 3831 862 3883 Et
872 3841 1013 3883 occurrunt
1021 3849 1082 3883 sane
1095 3851 1182 3885 esem·

121 3914 201 3965 Voss.
218 3930 279 3964 cum
293 3910 473 3965 Brouclrbusio
492 3911 630 3985 protulere
679 3909 721 3979 pla
735 3908 777 3963 ubi
795 3913 1058 3977 permutenturpn‘or
1071 3913 1184 3974 etpn'us.

120 3992 201 4055 alm
216 3989 344 4060 peculiare
365 3990 436 4042 enim
454 4009 508 4044 esse
521 3989 629 4060 epitbe-
680 3986 733 4041 Sed
746 3987 977 4059 Heyniumpostea
987 3987 1185 4042 sententiresuss

122 4066 631 4139 ton,propriurnquepopulocujustria
680 4064 816 4135 poenituit;
845 4065 881 4116 ita
902 4074 931 4116 ut
951 4062 1101 4119 Heinsionae
1118 4066 1188 4118 scri-

124 4165 225 4219 genere
234 4166 249 4199 a
259 4146 346 4201 Plinio
354 4140 488 4198 notentur.
500 4145 585 4199 lidem
594 4144 633 4199 ta·
680 4156 764 4214 pturae
773 4141 1116 4213 principatumconcesserit
1124 4143 1188 4196 llu-

120 4224 341 4282 bulamrelerunt
351 4223 384 4277 de
394 4221 508 4276 llercule
517 4263 525 4289 ‚
534 4222 577 4292 qui
586 4263 593 4289 ,
603 4234 633 4276 ut
679 4222 782 4277 soblrius
793 4240 896 4292 quoque
905 4225 976 4288 prrbr
986 4224 1113 4289 proprius
1133 4218 1187 4271 ad-

122 4312 201 4360 notat
213 4302 332 4369 Servius,
349 4301 382 4354 ad
403 4300 465 4353 AEn.
480 4300 523 4353 lib.
544 4299 631 4365 Vlll,
680 4298 762 4352 verbii
774 4299 831 4353 loco
848 4298 961 4368 positum
981 4317 1052 4364 esse,
1065 4295 1188 4349 dederat.

122 4400 192 4437 vers.
202 4381 249 4450 275
259 4400 265 4433 ε
277 4404 292 4431 «s
300 4381 342 4436 At
353 4380 451 4435 inseror
461 4377 633 4443 descendem,
682 4376 740 4449 Ego
758 4396 820 4432 eum
838 4377 875 4431 ll.
889 4377 983 4432 Vossio
995 4380 1020 4431 el
1027 4381 1099 4444 prior
1109 4394 1187 4429 sensu

986 4478 1007 4564 4
