<?xml version="1.0" encoding="UTF-8"?>
<!DOCTYPE html PUBLIC "-//W3C//DTD XHTML 1.0 Transitional//EN"
    "http://www.w3.org/TR/xhtml1/DTD/xhtml1-transitional.dtd">
<html xmlns="http://www.w3.org/1999/xhtml" xml:lang="en" lang="en">
 <head>
  <title>
</title>
<meta http-equiv="Content-Type" content="text/html;charset=utf-8" />
  <meta name='ocr-system' content='tesseract 3.04.00' />
  <meta name='ocr-capabilities' content='ocr_page ocr_carea ocr_par ocr_line ocrx_word'/>
</head>
<body>
  <div class='ocr_page' id='page_1' title='image "albiitibulliqua02golbgoog_0103.png"; bbox 0 0 2550 4972; ppageno 0'>
   <div class='ocr_carea' id='block_1_1' title="bbox 171 315 1030 412">
    <p class='ocr_par' dir='ltr' id='par_1_1' title="bbox 171 315 1030 412">
     <span class='ocr_line' id='line_1_1' title="bbox 171 315 1030 412; baseline -0.005 -29"><span class='ocrx_word' id='word_1_1' title='bbox 171 326 214 404; x_wconf 70' lang='lat' dir='ltr'><strong>cvj</strong></span> <span class='ocrx_word' id='word_1_2' title='bbox 386 316 673 383; x_wconf 69' lang='lat' dir='ltr'><strong>ruscianum</strong></span> <span class='ocrx_word' id='word_1_3' title='bbox 703 315 1030 412; x_wconf 26' lang='lat' dir='ltr'><strong>ARGUMENTA..</strong></span> 
     </span>
    </p>
   </div>
   <div class='ocr_carea' id='block_1_2' title="bbox 167 448 1235 635">
    <p class='ocr_par' dir='ltr' id='par_1_2' title="bbox 167 448 1235 635">
     <span class='ocr_line' id='line_1_2' title="bbox 167 448 1235 535; baseline -0.003 -21"><span class='ocrx_word' id='word_1_4' title='bbox 167 476 265 534; x_wconf 85' lang='lat' dir='ltr'><strong>parum</strong></span> <span class='ocrx_word' id='word_1_5' title='bbox 282 452 400 514; x_wconf 89' lang='lat' dir='ltr'><strong>secundi</strong></span> <span class='ocrx_word' id='word_1_6' title='bbox 416 449 555 513; x_wconf 87' lang='lat' dir='ltr'><strong>meminit.</strong></span> <span class='ocrx_word' id='word_1_7' title='bbox 571 448 650 511; x_wconf 79' lang='lat' dir='ltr'><strong>Facit</strong></span> <span class='ocrx_word' id='word_1_8' title='bbox 666 450 781 511; x_wconf 82' lang='lat' dir='ltr'><strong>taudem</strong></span> <span class='ocrx_word' id='word_1_9' title='bbox 798 460 865 512; x_wconf 76' lang='lat' dir='ltr'><strong>vota</strong></span> <span class='ocrx_word' id='word_1_10' title='bbox 879 470 933 532; x_wconf 82' lang='lat' dir='ltr'><strong>pro</strong></span> <span class='ocrx_word' id='word_1_11' title='bbox 948 449 1106 513; x_wconf 83' lang='lat' dir='ltr'><strong>Messalino</strong></span> <span class='ocrx_word' id='word_1_12' title='bbox 1122 454 1235 535; x_wconf 78' lang='lat' dir='ltr'><strong>ejusque</strong></span> 
     </span>
     <span class='ocr_line' id='line_1_3' title="bbox 170 555 388 635; baseline -0.028 -20"><span class='ocrx_word' id='word_1_13' title='bbox 170 566 259 635; x_wconf 85' lang='lat' dir='ltr'><strong>patre.</strong></span> <span class='ocrx_word' id='word_1_14' title='bbox 280 555 388 613; x_wconf 76' lang='lat' dir='ltr'><strong>flurs.</strong></span> 
     </span>
    </p>
   </div>
   <div class='ocr_carea' id='block_1_3' title="bbox 548 679 869 755">
    <p class='ocr_par' dir='ltr' id='par_1_3' title="bbox 548 679 869 755">
     <span class='ocr_line' id='line_1_4' title="bbox 548 679 869 755; baseline -0.009 0"><span class='ocrx_word' id='word_1_15' title='bbox 548 679 762 755; x_wconf 81' lang='lat' dir='ltr'><strong>ELEGIA</strong></span> <span class='ocrx_word' id='word_1_16' title='bbox 804 681 869 755; x_wconf 90' lang='lat' dir='ltr'><strong>Vl.</strong></span> 
     </span>
    </p>
   </div>
   <div class='ocr_carea' id='block_1_4' title="bbox 168 853 1228 1147">
    <p class='ocr_par' dir='ltr' id='par_1_4' title="bbox 168 853 1228 1147">
     <span class='ocr_line' id='line_1_5' title="bbox 209 853 1228 937; baseline -0.004 -17"><span class='ocrx_word' id='word_1_17' title='bbox 209 858 332 921; x_wconf 74' lang='lat' dir='ltr'><strong>AEmilio</strong></span> <span class='ocrx_word' id='word_1_18' title='bbox 344 860 444 921; x_wconf 85' lang='lat' dir='ltr'><strong>Macro</strong></span> <span class='ocrx_word' id='word_1_19' title='bbox 455 857 490 919; x_wconf 88' lang='lat' dir='ltr'><strong>ad</strong></span> <span class='ocrx_word' id='word_1_20' title='bbox 499 855 629 918; x_wconf 89' lang='lat' dir='ltr'><strong>militiam</strong></span> <span class='ocrx_word' id='word_1_21' title='bbox 642 856 773 937; x_wconf 83' lang='lat' dir='ltr'><strong>prolecto</strong></span> <span class='ocrx_word' id='word_1_22' title='bbox 784 899 793 931; x_wconf 85' lang='lat'>‚</span> <span class='ocrx_word' id='word_1_23' title='bbox 806 856 864 917; x_wconf 88' lang='lat' dir='ltr'><strong>boc</strong></span> <span class='ocrx_word' id='word_1_24' title='bbox 875 853 950 915; x_wconf 90' lang='lat' dir='ltr'><strong>idem</strong></span> <span class='ocrx_word' id='word_1_25' title='bbox 960 874 992 917; x_wconf 82' lang='lat' dir='ltr'><strong>se</strong></span> <span class='ocrx_word' id='word_1_26' title='bbox 1000 853 1095 917; x_wconf 77' lang='lat' dir='ltr'><strong>{acere</strong></span> <span class='ocrx_word' id='word_1_27' title='bbox 1104 855 1177 919; x_wconf 75' lang='lat' dir='ltr'><strong>velle</strong></span> <span class='ocrx_word' id='word_1_28' title='bbox 1186 856 1228 916; x_wconf 79' lang='lat' dir='ltr'><strong>ni·</strong></span> 
     </span>
     <span class='ocr_line' id='line_1_6' title="bbox 168 955 1225 1039; baseline -0.005 -17"><span class='ocrx_word' id='word_1_29' title='bbox 168 974 268 1035; x_wconf 74' lang='lat' dir='ltr'><strong>natum,</strong></span> <span class='ocrx_word' id='word_1_30' title='bbox 284 972 317 1020; x_wconf 95' lang='lat' dir='ltr'><strong>ut</strong></span> <span class='ocrx_word' id='word_1_31' title='bbox 328 959 420 1037; x_wconf 81' lang='lat' dir='ltr'><strong>puella</strong></span> <span class='ocrx_word' id='word_1_32' title='bbox 433 958 530 1019; x_wconf 87' lang='lat' dir='ltr'><strong>relicta</strong></span> <span class='ocrx_word' id='word_1_33' title='bbox 541 956 692 1019; x_wconf 84' lang='lat' dir='ltr'><strong>militatum</strong></span> <span class='ocrx_word' id='word_1_34' title='bbox 703 956 846 1028; x_wconf 80' lang='lat' dir='ltr'><strong>discedat3</strong></span> <span class='ocrx_word' id='word_1_35' title='bbox 865 967 895 1017; x_wconf 91' lang='lat' dir='ltr'><strong>at</strong></span> <span class='ocrx_word' id='word_1_36' title='bbox 910 978 994 1039; x_wconf 77' lang='lat' dir='ltr'><strong>quam</strong></span> <span class='ocrx_word' id='word_1_37' title='bbox 1006 955 1099 1039; x_wconf 79' lang='lat' dir='ltr'><strong>impar</strong></span> <span class='ocrx_word' id='word_1_38' title='bbox 1110 956 1160 1019; x_wconf 81' lang='lat' dir='ltr'><strong>uli</strong></span> <span class='ocrx_word' id='word_1_39' title='bbox 1172 976 1225 1018; x_wconf 83' lang='lat' dir='ltr'><strong>auso</strong></span> 
     </span>
     <span class='ocr_line' id='line_1_7' title="bbox 168 1062 1223 1147; baseline -0.005 -21"><span class='ocrx_word' id='word_1_40' title='bbox 168 1067 282 1128; x_wconf 78' lang='lat' dir='ltr'><strong>futurus</strong></span> <span class='ocrx_word' id='word_1_41' title='bbox 297 1065 336 1125; x_wconf 87' lang='lat' dir='ltr'><strong>sit</strong></span> <span class='ocrx_word' id='word_1_42' title='bbox 347 1087 413 1126; x_wconf 83' lang='lat' dir='ltr'><strong>mox</strong></span> <span class='ocrx_word' id='word_1_43' title='bbox 426 1076 548 1147; x_wconf 81' lang='lat' dir='ltr'><strong>reputat.</strong></span> <span class='ocrx_word' id='word_1_44' title='bbox 566 1066 643 1126; x_wconf 84' lang='lat' dir='ltr'><strong>Tum</strong></span> <span class='ocrx_word' id='word_1_45' title='bbox 659 1064 693 1123; x_wconf 91' lang='lat' dir='ltr'><strong>ad</strong></span> <span class='ocrx_word' id='word_1_46' title='bbox 711 1063 922 1126; x_wconf 76' lang='lat' dir='ltr'>miserationem</span> <span class='ocrx_word' id='word_1_47' title='bbox 936 1084 1093 1126; x_wconf 79' lang='lat' dir='ltr'><strong>conversus</strong></span> <span class='ocrx_word' id='word_1_48' title='bbox 1106 1062 1223 1125; x_wconf 85' lang='lat' dir='ltr'><strong>Nemesin</strong></span> 
     </span>
    </p>
   </div>
   <div class='ocr_carea' id='block_1_5' title="bbox 170 1164 1223 1355">
    <p class='ocr_par' dir='ltr' id='par_1_5' title="bbox 170 1164 1223 1355">
     <span class='ocr_line' id='line_1_8' title="bbox 170 1164 1223 1248; baseline -0.008 -18"><span class='ocrx_word' id='word_1_49' title='bbox 170 1167 328 1230; x_wconf 89' lang='lat' dir='ltr'><strong>obtestatur</strong></span> <span class='ocrx_word' id='word_1_50' title='bbox 350 1189 400 1248; x_wconf 85' lang='lat' dir='ltr'><strong>per</strong></span> <span class='ocrx_word' id='word_1_51' title='bbox 422 1167 521 1226; x_wconf 84' lang='lat' dir='ltr'><strong>Manes</strong></span> <span class='ocrx_word' id='word_1_52' title='bbox 542 1166 670 1238; x_wconf 88' lang='lat' dir='ltr'><strong>sororis,</strong></span> <span class='ocrx_word' id='word_1_53' title='bbox 697 1188 762 1248; x_wconf 77' lang='lat' dir='ltr'><strong>quae</strong></span> <span class='ocrx_word' id='word_1_54' title='bbox 786 1164 860 1226; x_wconf 83' lang='lat' dir='ltr'><strong>circe</strong></span> <span class='ocrx_word' id='word_1_55' title='bbox 883 1164 956 1226; x_wconf 94' lang='lat' dir='ltr'><strong>illud</strong></span> <span class='ocrx_word' id='word_1_56' title='bbox 982 1178 1096 1244; x_wconf 83' lang='lat' dir='ltr'><strong>tempus</strong></span> <span class='ocrx_word' id='word_1_57' title='bbox 1118 1166 1223 1228; x_wconf 77' lang='lat' dir='ltr'><strong>violenta</strong></span> 
     </span>
     <span class='ocr_line' id='line_1_9' title="bbox 170 1262 976 1355; baseline -0.005 -28"><span class='ocrx_word' id='word_1_58' title='bbox 170 1277 285 1338; x_wconf 86' lang='lat' dir='ltr'><strong>morte,</strong></span> <span class='ocrx_word' id='word_1_59' title='bbox 308 1264 343 1325; x_wconf 89' lang='lat' dir='ltr'><strong>de</strong></span> <span class='ocrx_word' id='word_1_60' title='bbox 356 1263 479 1355; x_wconf 81' lang='lat' dir='ltr'><strong>fenestra</strong></span> <span class='ocrx_word' id='word_1_61' title='bbox 489 1262 683 1347; x_wconf 81' lang='lat' dir='ltr'><strong>praecipitata,</strong></span> <span class='ocrx_word' id='word_1_62' title='bbox 699 1262 853 1324; x_wconf 75' lang='lat' dir='ltr'><strong>interierat</strong></span> <span class='ocrx_word' id='word_1_63' title='bbox 870 1264 976 1325; x_wconf 72' lang='lat' dir='ltr'><strong>flent.</strong></span> 
     </span>
    </p>
   </div>
   <div class='ocr_carea' id='block_1_6' title="bbox 172 1440 1222 1477">
    <p class='ocr_par' dir='ltr' id='par_1_6' title="bbox 172 1440 1222 1477">
     <span class='ocr_line' id='line_1_10' title="bbox 172 1440 1222 1477; baseline -0.001 0"><span class='ocrx_word' id='word_1_64' title='bbox 172 1440 1222 1477; x_wconf 61' lang='grc' dir='ltr'>Μ</span> 
     </span>
    </p>
   </div>
   <div class='ocr_carea' id='block_1_7' title="bbox 391 1590 1027 1699">
    <p class='ocr_par' dir='ltr' id='par_1_7' title="bbox 391 1590 1027 1699">
     <span class='ocr_line' id='line_1_11' title="bbox 391 1590 1027 1699; baseline 0.003 -2"><span class='ocrx_word' id='word_1_65' title='bbox 391 1590 624 1698; x_wconf 88' lang='lat' dir='ltr'>LIBER</span> <span class='ocrx_word' id='word_1_66' title='bbox 676 1590 1027 1699; x_wconf 86' lang='lat' dir='ltr'><strong>TERTIUS.</strong></span> 
     </span>
    </p>
   </div>
   <div class='ocr_carea' id='block_1_8' title="bbox 561 1799 851 1830">
    <p class='ocr_par' dir='ltr' id='par_1_8' title="bbox 561 1799 851 1830">
     <span class='ocr_line' id='line_1_12' title="bbox 561 1799 851 1830; baseline -0.007 0"><span class='ocrx_word' id='word_1_67' title='bbox 561 1799 851 1830; x_wconf 49' lang='lat'>——40—--</span> 
     </span>
    </p>
   </div>
   <div class='ocr_carea' id='block_1_9' title="bbox 494 1970 917 2045">
    <p class='ocr_par' dir='ltr' id='par_1_9' title="bbox 494 1970 917 2045">
     <span class='ocr_line' id='line_1_13' title="bbox 494 1970 917 2045; baseline -0.007 -1"><span class='ocrx_word' id='word_1_68' title='bbox 494 1971 701 2045; x_wconf 82' lang='lat' dir='ltr'><strong>ELEGIA</strong></span> <span class='ocrx_word' id='word_1_69' title='bbox 731 1970 917 2045; x_wconf 82' lang='lat' dir='ltr'><strong>PRIMA.</strong></span> 
     </span>
    </p>
   </div>
   <div class='ocr_carea' id='block_1_10' title="bbox 169 2141 1228 3025">
    <p class='ocr_par' dir='ltr' id='par_1_10' title="bbox 169 2141 1228 3025">
     <span class='ocr_line' id='line_1_14' title="bbox 212 2141 1224 2229; baseline -0.006 -22"><span class='ocrx_word' id='word_1_70' title='bbox 212 2144 344 2207; x_wconf 87' lang='lat' dir='ltr'><strong>Tibullus</strong></span> <span class='ocrx_word' id='word_1_71' title='bbox 354 2146 409 2228; x_wconf 86' lang='lat' dir='ltr'><strong>jam</strong></span> <span class='ocrx_word' id='word_1_72' title='bbox 424 2168 474 2228; x_wconf 80' lang='lat' dir='ltr'><strong>per</strong></span> <span class='ocrx_word' id='word_1_73' title='bbox 488 2143 604 2228; x_wconf 80' lang='lat' dir='ltr'><strong>aliquod</strong></span> <span class='ocrx_word' id='word_1_74' title='bbox 618 2157 731 2223; x_wconf 75' lang='lat' dir='ltr'><strong>tempus</strong></span> <span class='ocrx_word' id='word_1_75' title='bbox 744 2143 871 2229; x_wconf 82' lang='lat' dir='ltr'>Corcyra</span> <span class='ocrx_word' id='word_1_76' title='bbox 885 2165 1034 2218; x_wconf 81' lang='lat' dir='ltr'><strong>reversus,</strong></span> <span class='ocrx_word' id='word_1_77' title='bbox 1052 2143 1143 2209; x_wconf 75' lang='lat' dir='ltr'><strong>levem</strong></span> <span class='ocrx_word' id='word_1_78' title='bbox 1156 2165 1184 2205; x_wconf 88' lang='lat' dir='ltr'><strong>ac</strong></span> <span class='ocrx_word' id='word_1_79' title='bbox 1194 2141 1224 2201; x_wconf 84' lang='lat' dir='ltr'><strong>ir·</strong></span> 
     </span>
     <span class='ocr_line' id='line_1_15' title="bbox 169 2242 1225 2326; baseline -0.005 -21"><span class='ocrx_word' id='word_1_80' title='bbox 169 2245 257 2306; x_wconf 86' lang='lat' dir='ltr'><strong>fidum</strong></span> <span class='ocrx_word' id='word_1_81' title='bbox 274 2243 376 2324; x_wconf 80' lang='lat' dir='ltr'><strong>puellae</strong></span> <span class='ocrx_word' id='word_1_82' title='bbox 386 2243 512 2305; x_wconf 89' lang='lat' dir='ltr'><strong>animum</strong></span> <span class='ocrx_word' id='word_1_83' title='bbox 528 2242 738 2326; x_wconf 85' lang='lat' dir='ltr'><strong>suspicabatur,</strong></span> <span class='ocrx_word' id='word_1_84' title='bbox 751 2264 847 2326; x_wconf 88' lang='lat' dir='ltr'><strong>neque</strong></span> <span class='ocrx_word' id='word_1_85' title='bbox 862 2254 956 2306; x_wconf 90' lang='lat' dir='ltr'><strong>tamen</strong></span> <span class='ocrx_word' id='word_1_86' title='bbox 970 2242 1091 2306; x_wconf 86' lang='lat' dir='ltr'><strong>omnino</strong></span> <span class='ocrx_word' id='word_1_87' title='bbox 1108 2261 1225 2322; x_wconf 82' lang='lat' dir='ltr'><strong>comper·</strong></span> 
     </span>
     <span class='ocr_line' id='line_1_16' title="bbox 172 2340 1226 2419; baseline -0.005 -17"><span class='ocrx_word' id='word_1_88' title='bbox 172 2355 234 2404; x_wconf 88' lang='lat' dir='ltr'><strong>tum</strong></span> <span class='ocrx_word' id='word_1_89' title='bbox 248 2342 367 2404; x_wconf 89' lang='lat' dir='ltr'><strong>babebat</strong></span> <span class='ocrx_word' id='word_1_90' title='bbox 378 2353 476 2402; x_wconf 90' lang='lat' dir='ltr'><strong>utrum</strong></span> <span class='ocrx_word' id='word_1_91' title='bbox 489 2363 568 2405; x_wconf 81' lang='lat' dir='ltr'><strong>noro</strong></span> <span class='ocrx_word' id='word_1_92' title='bbox 583 2341 711 2403; x_wconf 76' lang='lat' dir='ltr'><strong>studeret</strong></span> <span class='ocrx_word' id='word_1_93' title='bbox 723 2340 814 2403; x_wconf 90' lang='lat' dir='ltr'><strong>amori</strong></span> <span class='ocrx_word' id='word_1_94' title='bbox 824 2340 873 2403; x_wconf 90' lang='lat' dir='ltr'><strong>illa</strong></span> <span class='ocrx_word' id='word_1_95' title='bbox 886 2363 938 2402; x_wconf 88' lang='lat' dir='ltr'><strong>nec</strong></span> <span class='ocrx_word' id='word_1_96' title='bbox 956 2363 993 2403; x_wconf 89' lang='lat' dir='ltr'><strong>ne</strong></span> <span class='ocrx_word' id='word_1_97' title='bbox 1008 2341 1091 2419; x_wconf 84' lang='lat' dir='ltr'><strong>(sive</strong></span> <span class='ocrx_word' id='word_1_98' title='bbox 1103 2341 1156 2402; x_wconf 88' lang='lat' dir='ltr'><strong>sibi</strong></span> <span class='ocrx_word' id='word_1_99' title='bbox 1170 2358 1226 2403; x_wconf 76' lang='lat' dir='ltr'><strong>cor-</strong></span> 
     </span>
     <span class='ocr_line' id='line_1_17' title="bbox 171 2439 1226 2529; baseline 0.001 -25"><span class='ocrx_word' id='word_1_100' title='bbox 171 2448 240 2529; x_wconf 80' lang='lat' dir='ltr'><strong>jm,</strong></span> <span class='ocrx_word' id='word_1_101' title='bbox 259 2444 318 2506; x_wconf 83' lang='lat' dir='ltr'><strong>sive</strong></span> <span class='ocrx_word' id='word_1_102' title='bbox 334 2443 427 2504; x_wconf 83' lang='lat' dir='ltr'><strong>lutura</strong></span> <span class='ocrx_word' id='word_1_103' title='bbox 441 2464 544 2516; x_wconf 89' lang='lat' dir='ltr'><strong>soror,</strong></span> <span class='ocrx_word' id='word_1_104' title='bbox 563 2466 591 2505; x_wconf 76' lang='lat' dir='ltr'><strong>v.</strong></span> <span class='ocrx_word' id='word_1_105' title='bbox 607 2444 668 2528; x_wconf 86' lang='lat'><strong>²7)</strong></span> <span class='ocrx_word' id='word_1_106' title='bbox 691 2443 785 2521; x_wconf 86' lang='lat' dir='ltr'><strong>(seu,</strong></span> <span class='ocrx_word' id='word_1_107' title='bbox 803 2463 863 2504; x_wconf 88' lang='lat' dir='ltr'><strong>mea</strong></span> <span class='ocrx_word' id='word_1_108' title='bbox 878 2439 1040 2517; x_wconf 76' lang='lat' dir='ltr'><strong>confabor,</strong></span> <span class='ocrx_word' id='word_1_109' title='bbox 1061 2463 1123 2504; x_wconf 88' lang='lat' dir='ltr'><strong>cara</strong></span> <span class='ocrx_word' id='word_1_110' title='bbox 1144 2445 1226 2505; x_wconf 74' lang='lat' dir='ltr'><strong>Nem</strong></span> 
     </span>
     <span class='ocr_line' id='line_1_18' title="bbox 171 2539 1227 2626; baseline -0.002 -22"><span class='ocrx_word' id='word_1_111' title='bbox 171 2555 280 2621; x_wconf 73' lang='lat' dir='ltr'><strong>umen,</strong></span> <span class='ocrx_word' id='word_1_112' title='bbox 295 2567 324 2607; x_wconf 78' lang='lat' dir='ltr'><strong>v.</strong></span> <span class='ocrx_word' id='word_1_113' title='bbox 337 2539 383 2620; x_wconf 88' lang='grc'><strong>6).</strong></span> <span class='ocrx_word' id='word_1_114' title='bbox 404 2541 483 2601; x_wconf 86' lang='lat' dir='ltr'><strong>Hinc</strong></span> <span class='ocrx_word' id='word_1_115' title='bbox 498 2540 667 2604; x_wconf 79' lang='lat' dir='ltr'>crediderim</span> <span class='ocrx_word' id='word_1_116' title='bbox 681 2541 755 2603; x_wconf 86' lang='lat' dir='ltr'><strong>banc</strong></span> <span class='ocrx_word' id='word_1_117' title='bbox 772 2542 891 2626; x_wconf 76' lang='lat' dir='ltr'><strong>elegiam</strong></span> <span class='ocrx_word' id='word_1_118' title='bbox 907 2554 973 2625; x_wconf 84' lang='lat' dir='ltr'><strong>post</strong></span> <span class='ocrx_word' id='word_1_119' title='bbox 988 2543 1159 2617; x_wconf 85' lang='lat' dir='ltr'><strong>secundam,</strong></span> <span class='ocrx_word' id='word_1_120' title='bbox 1178 2555 1227 2602; x_wconf 68' lang='lat' dir='ltr'><strong>ter</strong></span> 
     </span>
     <span class='ocr_line' id='line_1_19' title="bbox 172 2636 1228 2723; baseline 0 -22"><span class='ocrx_word' id='word_1_121' title='bbox 172 2640 240 2701; x_wconf 90' lang='lat' dir='ltr'><strong>tiam</strong></span> <span class='ocrx_word' id='word_1_122' title='bbox 253 2652 282 2702; x_wconf 89' lang='lat' dir='ltr'><strong>et</strong></span> <span class='ocrx_word' id='word_1_123' title='bbox 298 2651 424 2722; x_wconf 75' lang='lat' dir='ltr'><strong>quartam</strong></span> <span class='ocrx_word' id='word_1_124' title='bbox 434 2636 520 2723; x_wconf 85' lang='lat' dir='ltr'><strong>bujus</strong></span> <span class='ocrx_word' id='word_1_125' title='bbox 531 2637 749 2714; x_wconf 86' lang='lat' dir='ltr'><strong>libri‚emissam</strong></span> <span class='ocrx_word' id='word_1_126' title='bbox 760 2660 822 2702; x_wconf 86' lang='lat' dir='ltr'><strong>esse</strong></span> <span class='ocrx_word' id='word_1_127' title='bbox 835 2661 851 2700; x_wconf 88' lang='lat' dir='ltr'><strong>a</strong></span> <span class='ocrx_word' id='word_1_128' title='bbox 862 2651 962 2722; x_wconf 84' lang='lat' dir='ltr'><strong>poeta;</strong></span> <span class='ocrx_word' id='word_1_129' title='bbox 975 2638 1005 2698; x_wconf 88' lang='lat' dir='ltr'><strong>iu</strong></span> <span class='ocrx_word' id='word_1_130' title='bbox 1018 2638 1122 2723; x_wconf 86' lang='lat' dir='ltr'><strong>quibus</strong></span> <span class='ocrx_word' id='word_1_131' title='bbox 1133 2642 1228 2703; x_wconf 69' lang='lat' dir='ltr'><strong>Nem</strong></span> 
     </span>
     <span class='ocr_line' id='line_1_20' title="bbox 171 2738 1227 2821; baseline -0.003 -18"><span class='ocrx_word' id='word_1_132' title='bbox 171 2739 231 2803; x_wconf 79' lang='lat' dir='ltr'><strong>aive</strong></span> <span class='ocrx_word' id='word_1_133' title='bbox 242 2739 338 2819; x_wconf 83' lang='lat' dir='ltr'><strong>potius</strong></span> <span class='ocrx_word' id='word_1_134' title='bbox 347 2739 439 2802; x_wconf 79' lang='lat' dir='ltr'><strong>Deliae</strong></span> <span class='ocrx_word' id='word_1_135' title='bbox 449 2739 480 2798; x_wconf 89' lang='lat' dir='ltr'><strong>in</strong></span> <span class='ocrx_word' id='word_1_136' title='bbox 491 2760 522 2800; x_wconf 91' lang='lat' dir='ltr'><strong>se</strong></span> <span class='ocrx_word' id='word_1_137' title='bbox 530 2759 657 2800; x_wconf 88' lang='lat' dir='ltr'><strong>amorem</strong></span> <span class='ocrx_word' id='word_1_138' title='bbox 668 2738 799 2801; x_wconf 88' lang='lat' dir='ltr'><strong>noudum</strong></span> <span class='ocrx_word' id='word_1_139' title='bbox 810 2750 974 2821; x_wconf 83' lang='lat' dir='ltr'><strong>suspectum</strong></span> <span class='ocrx_word' id='word_1_140' title='bbox 984 2738 1070 2801; x_wconf 87' lang='lat' dir='ltr'><strong>babet</strong></span> <span class='ocrx_word' id='word_1_141' title='bbox 1083 2783 1092 2815; x_wconf 88' lang='lat'>‚</span> <span class='ocrx_word' id='word_1_142' title='bbox 1104 2739 1159 2801; x_wconf 89' lang='lat' dir='ltr'><strong>uisi</strong></span> <span class='ocrx_word' id='word_1_143' title='bbox 1169 2739 1227 2800; x_wconf 65' lang='lat' dir='ltr'><strong>loric</strong></span> 
     </span>
     <span class='ocr_line' id='line_1_21' title="bbox 171 2838 1227 2925; baseline 0 -20"><span class='ocrx_word' id='word_1_144' title='bbox 171 2855 291 2906; x_wconf 83' lang='lat' dir='ltr'><strong>exeunte</strong></span> <span class='ocrx_word' id='word_1_145' title='bbox 309 2854 407 2925; x_wconf 85' lang='lat' dir='ltr'><strong>quarta</strong></span> <span class='ocrx_word' id='word_1_146' title='bbox 426 2840 482 2902; x_wconf 83' lang='lat' dir='ltr'><strong>tale</strong></span> <span class='ocrx_word' id='word_1_147' title='bbox 502 2838 609 2923; x_wconf 84' lang='lat' dir='ltr'><strong>aliquid</strong></span> <span class='ocrx_word' id='word_1_148' title='bbox 625 2839 827 2903; x_wconf 84' lang='lat' dir='ltr'><strong>subodomtur.</strong></span> <span class='ocrx_word' id='word_1_149' title='bbox 843 2873 885 2886; x_wconf 94' lang='lat'>-</span> <span class='ocrx_word' id='word_1_150' title='bbox 904 2840 966 2900; x_wconf 81' lang='lat' dir='ltr'><strong>Kal.</strong></span> <span class='ocrx_word' id='word_1_151' title='bbox 983 2840 1094 2903; x_wconf 82' lang='lat' dir='ltr'><strong>Martiis</strong></span> <span class='ocrx_word' id='word_1_152' title='bbox 1109 2864 1144 2905; x_wconf 83' lang='lat' dir='ltr'><strong>ex</strong></span> <span class='ocrx_word' id='word_1_153' title='bbox 1164 2856 1227 2904; x_wconf 77' lang='lat' dir='ltr'><strong>nore</strong></span> 
     </span>
     <span class='ocr_line' id='line_1_22' title="bbox 173 2936 519 3025; baseline -0.009 -24"><span class='ocrx_word' id='word_1_154' title='bbox 173 2961 290 3003; x_wconf 87' lang='lat' dir='ltr'><strong>munera</strong></span> <span class='ocrx_word' id='word_1_155' title='bbox 304 2936 408 3025; x_wconf 65' lang='lat' dir='ltr'><strong>puella</strong></span> <span class='ocrx_word' id='word_1_156' title='bbox 419 2939 519 3001; x_wconf 71' lang='lat' dir='ltr'><strong>mittit:</strong></span> 
     </span>
    </p>
   </div>
   <div class='ocr_carea' id='block_1_11' title="bbox 565 3040 850 3151">
    <p class='ocr_par' dir='ltr' id='par_1_11' title="bbox 565 3040 850 3151">
     <span class='ocr_line' id='line_1_23' title="bbox 565 3040 850 3151; baseline 0 -2"><span class='ocrx_word' id='word_1_157' title='bbox 565 3040 768 3151; x_wconf 76' lang='lat' dir='ltr'><strong>usuum</strong></span> <span class='ocrx_word' id='word_1_158' title='bbox 799 3075 850 3149; x_wconf 92' lang='lat'><strong>11.</strong></span> 
     </span>
    </p>
   </div>
   <div class='ocr_carea' id='block_1_12' title="bbox 168 3238 1233 3614">
    <p class='ocr_par' dir='ltr' id='par_1_12' title="bbox 168 3238 1233 3614">
     <span class='ocr_line' id='line_1_24' title="bbox 212 3238 1230 3335; baseline 0.004 -22"><span class='ocrx_word' id='word_1_159' title='bbox 212 3252 285 3314; x_wconf 80' lang='lat' dir='ltr'><strong>Haec</strong></span> <span class='ocrx_word' id='word_1_160' title='bbox 295 3272 361 3312; x_wconf 88' lang='lat' dir='ltr'><strong>cum</strong></span> <span class='ocrx_word' id='word_1_161' title='bbox 369 3248 444 3312; x_wconf 84' lang='lat' dir='ltr'><strong>binis</strong></span> <span class='ocrx_word' id='word_1_162' title='bbox 452 3238 636 3332; x_wconf 78' lang='lat' dir='ltr'><strong>sequentibus</strong></span> <span class='ocrx_word' id='word_1_163' title='bbox 643 3249 761 3331; x_wconf 82' lang='lat' dir='ltr'><strong>primam</strong></span> <span class='ocrx_word' id='word_1_164' title='bbox 771 3249 932 3329; x_wconf 70' lang='lat' dir='ltr'><strong>praecedere</strong></span> <span class='ocrx_word' id='word_1_165' title='bbox 942 3251 1099 3315; x_wconf 87' lang='lat' dir='ltr'><strong>secundum</strong></span> <span class='ocrx_word' id='word_1_166' title='bbox 1107 3249 1230 3335; x_wconf 78' lang='lat' dir='ltr'><strong>temporit</strong></span> 
     </span>
     <span class='ocr_line' id='line_1_25' title="bbox 168 3348 1232 3436; baseline -0.001 -23"><span class='ocrx_word' id='word_1_167' title='bbox 168 3351 270 3415; x_wconf 89' lang='lat' dir='ltr'><strong>seriem</strong></span> <span class='ocrx_word' id='word_1_168' title='bbox 284 3353 339 3436; x_wconf 90' lang='lat' dir='ltr'><strong>jam</strong></span> <span class='ocrx_word' id='word_1_169' title='bbox 355 3348 544 3415; x_wconf 80' lang='lat' dir='ltr'><strong>ostendimus·</strong></span> <span class='ocrx_word' id='word_1_170' title='bbox 558 3351 669 3426; x_wconf 87' lang='lat' dir='ltr'><strong>Poeta,</strong></span> <span class='ocrx_word' id='word_1_171' title='bbox 685 3364 751 3436; x_wconf 80' lang='lat' dir='ltr'><strong>post</strong></span> <span class='ocrx_word' id='word_1_172' title='bbox 767 3351 870 3430; x_wconf 80' lang='lat' dir='ltr'><strong>puellae</strong></span> <span class='ocrx_word' id='word_1_173' title='bbox 885 3350 1061 3428; x_wconf 76' lang='lat' dir='ltr'><strong>discessum,</strong></span> <span class='ocrx_word' id='word_1_174' title='bbox 1079 3353 1147 3417; x_wconf 79' lang='lat' dir='ltr'><strong>vitae</strong></span> <span class='ocrx_word' id='word_1_175' title='bbox 1157 3348 1232 3419; x_wconf 63' lang='lat' dir='ltr'><strong>tudo</strong></span> 
     </span>
     <span class='ocr_line' id='line_1_26' title="bbox 168 3449 1233 3539; baseline 0.001 -28"><span class='ocrx_word' id='word_1_176' title='bbox 168 3450 280 3526; x_wconf 83' lang='lat' dir='ltr'><strong>victus,</strong></span> <span class='ocrx_word' id='word_1_177' title='bbox 296 3449 331 3511; x_wconf 90' lang='lat' dir='ltr'><strong>de</strong></span> <span class='ocrx_word' id='word_1_178' title='bbox 345 3449 443 3512; x_wconf 61' lang='lat' dir='ltr'><strong>suune</strong></span> <span class='ocrx_word' id='word_1_179' title='bbox 456 3451 512 3536; x_wconf 87' lang='lat' dir='ltr'><strong>jam</strong></span> <span class='ocrx_word' id='word_1_180' title='bbox 523 3451 648 3534; x_wconf 78' lang='lat' dir='ltr'><strong>cogitat,</strong></span> <span class='ocrx_word' id='word_1_181' title='bbox 664 3463 799 3535; x_wconf 80' lang='lat' dir='ltr'><strong>optatque</strong></span> <span class='ocrx_word' id='word_1_182' title='bbox 814 3464 847 3514; x_wconf 90' lang='lat' dir='ltr'><strong>ut</strong></span> <span class='ocrx_word' id='word_1_183' title='bbox 857 3454 960 3515; x_wconf 79' lang='lat' dir='ltr'><strong>Neaera</strong></span> <span class='ocrx_word' id='word_1_184' title='bbox 969 3465 1036 3515; x_wconf 85' lang='lat' dir='ltr'><strong>aute</strong></span> <span class='ocrx_word' id='word_1_185' title='bbox 1046 3475 1153 3539; x_wconf 77' lang='lat' dir='ltr'><strong>rogum</strong></span> <span class='ocrx_word' id='word_1_186' title='bbox 1163 3453 1233 3523; x_wconf 83' lang='lat' dir='ltr'><strong>beat,</strong></span> 
     </span>
     <span class='ocr_line' id='line_1_27' title="bbox 169 3549 764 3614; baseline -0.003 -2"><span class='ocrx_word' id='word_1_187' title='bbox 169 3550 272 3613; x_wconf 85' lang='lat' dir='ltr'><strong>deiude</strong></span> <span class='ocrx_word' id='word_1_188' title='bbox 286 3551 461 3614; x_wconf 86' lang='lat' dir='ltr'><strong>ceremonias</strong></span> <span class='ocrx_word' id='word_1_189' title='bbox 474 3550 609 3614; x_wconf 84' lang='lat' dir='ltr'><strong>describit</strong></span> <span class='ocrx_word' id='word_1_190' title='bbox 621 3549 764 3612; x_wconf 78' lang='lat' dir='ltr'><strong>funebres.</strong></span> 
     </span>
    </p>
   </div>
   <div class='ocr_carea' id='block_1_13' title="bbox 561 3735 872 3812">
    <p class='ocr_par' dir='ltr' id='par_1_13' title="bbox 561 3735 872 3812">
     <span class='ocr_line' id='line_1_28' title="bbox 561 3735 872 3812; baseline -0.003 0"><span class='ocrx_word' id='word_1_191' title='bbox 561 3735 763 3812; x_wconf 81' lang='lat' dir='ltr'><strong>ELEGIA</strong></span> <span class='ocrx_word' id='word_1_192' title='bbox 798 3738 872 3811; x_wconf 89' lang='lat'>111.</span> 
     </span>
    </p>
   </div>
   <div class='ocr_carea' id='block_1_14' title="bbox 176 3907 1246 4094">
    <p class='ocr_par' dir='ltr' id='par_1_14' title="bbox 176 3907 1246 4094">
     <span class='ocr_line' id='line_1_29' title="bbox 216 3907 1246 3994; baseline 0.012 -27"><span class='ocrx_word' id='word_1_193' title='bbox 216 3909 253 3967; x_wconf 91' lang='lat' dir='ltr'><strong>lu</strong></span> <span class='ocrx_word' id='word_1_194' title='bbox 263 3907 367 3970; x_wconf 86' lang='lat' dir='ltr'><strong>eodem</strong></span> <span class='ocrx_word' id='word_1_195' title='bbox 377 3909 499 3974; x_wconf 82' lang='lat' dir='ltr'><strong>discidio</strong></span> <span class='ocrx_word' id='word_1_196' title='bbox 511 3911 683 3994; x_wconf 83' lang='lat' dir='ltr'><strong>conscripta.</strong></span> <span class='ocrx_word' id='word_1_197' title='bbox 693 3944 734 3959; x_wconf 89' lang='lat'><em>-</em></span> <span class='ocrx_word' id='word_1_198' title='bbox 744 3912 818 3974; x_wconf 86' lang='lat' dir='ltr'><strong>Vota</strong></span> <span class='ocrx_word' id='word_1_199' title='bbox 833 3912 887 3975; x_wconf 84' lang='lat' dir='ltr'><strong>sibi</strong></span> <span class='ocrx_word' id='word_1_200' title='bbox 903 3913 943 3974; x_wconf 88' lang='lat' dir='ltr'><strong>ait</strong></span> <span class='ocrx_word' id='word_1_201' title='bbox 956 3912 1042 3976; x_wconf 79' lang='lat' dir='ltr'><strong>luisse</strong></span> <span class='ocrx_word' id='word_1_202' title='bbox 1056 3913 1134 3977; x_wconf 82' lang='lat' dir='ltr'><strong>nulla</strong></span> <span class='ocrx_word' id='word_1_203' title='bbox 1149 3913 1205 3979; x_wconf 77' lang='lat' dir='ltr'><strong>uici</strong></span> <span class='ocrx_word' id='word_1_204' title='bbox 1215 3926 1246 3979; x_wconf 73' lang='lat' dir='ltr'><strong>nt</strong></span> 
     </span>
     <span class='ocr_line' id='line_1_30' title="bbox 176 4007 1245 4094; baseline 0.013 -28"><span class='ocrx_word' id='word_1_205' title='bbox 176 4027 242 4066; x_wconf 86' lang='lat' dir='ltr'><strong>cum</strong></span> <span class='ocrx_word' id='word_1_206' title='bbox 257 4007 360 4069; x_wconf 65' lang='lat' dir='ltr'><strong>Neaera</strong></span> <span class='ocrx_word' id='word_1_207' title='bbox 372 4010 459 4073; x_wconf 81' lang='lat' dir='ltr'><strong>vitam</strong></span> <span class='ocrx_word' id='word_1_208' title='bbox 474 4011 622 4094; x_wconf 54' lang='lat' dir='ltr'><strong>exigerem</strong></span> <span class='ocrx_word' id='word_1_209' title='bbox 643 4011 706 4072; x_wconf 84' lang='lat' dir='ltr'><strong>sine</strong></span> <span class='ocrx_word' id='word_1_210' title='bbox 719 4032 750 4074; x_wconf 82' lang='lat' dir='ltr'><strong>ea</strong></span> <span class='ocrx_word' id='word_1_211' title='bbox 770 4012 793 4074; x_wconf 90' lang='lat' dir='ltr'><strong>si</strong></span> <span class='ocrx_word' id='word_1_212' title='bbox 808 4013 961 4077; x_wconf 81' lang='lat' dir='ltr'><strong>vivendum</strong></span> <span class='ocrx_word' id='word_1_213' title='bbox 981 4015 1039 4090; x_wconf 89' lang='lat' dir='ltr'><strong>sit,</strong></span> <span class='ocrx_word' id='word_1_214' title='bbox 1054 4014 1124 4079; x_wconf 75' lang='lat' dir='ltr'><strong>vitas</strong></span> <span class='ocrx_word' id='word_1_215' title='bbox 1139 4034 1245 4080; x_wconf 71' lang='lat' dir='ltr'><strong>nunu</strong></span> 
     </span>
    </p>
   </div>
   <div class='ocr_carea' id='block_1_15' title="bbox 173 4101 475 4186">
    <p class='ocr_par' dir='ltr' id='par_1_15' title="bbox 173 4101 475 4186">
     <span class='ocr_line' id='line_1_31' title="bbox 173 4101 475 4186; baseline 0.003 -15"><span class='ocrx_word' id='word_1_216' title='bbox 173 4101 349 4186; x_wconf 71' lang='lat' dir='ltr'><strong>deoreutm</strong></span> <span class='ocrx_word' id='word_1_217' title='bbox 369 4111 475 4172; x_wconf 73' lang='lat' dir='ltr'><strong>lim.</strong></span> 
     </span>
    </p>
   </div>
   <div class='ocr_carea' id='block_1_16' title="bbox 0 0 1283 4972">
    <p class='ocr_par' dir='ltr' id='par_1_16' title="bbox 0 0 1283 4972">
     <span class='ocr_line' id='line_1_32' title="bbox 0 0 1283 4972; baseline 0 0"><span class='ocrx_word' id='word_1_218' title='bbox 0 0 1283 4972; x_wconf 95' lang='lat' dir='ltr'><strong> </strong></span> 
     </span>
    </p>
   </div>
  </div>
 </body>
</html>
