2550 4972
123 302 188 388 tntj
513 309 573 369 nu
601 309 798 370 uruntur

121 456 239 517 quarum
255 432 373 517 primam
390 455 457 498 ann.
479 435 574 514 1560,
591 439 661 502 vitio
679 440 808 514 numeri,
829 449 922 500 natam
936 445 1019 518 putat
1033 430 1171 516 fleyninst

120 533 283 596 Huscbkius
298 548 392 597 autem
408 538 438 596 in
455 537 581 601 manibus
599 539 705 601 habuit.

159 646 288 708 Catullus
311 646 444 708 Tibullus
471 651 638 732 Propertius
658 650 789 728 Lugduni
810 658 924 727 sumptu
943 644 1074 706 Barthol·
1095 643 1166 702 Tru

116 741 266 805 millesimo
282 744 566 828 quinquagentesimo
581 763 681 821 xvsti,
701 748 747 807 die
762 763 830 808 xxu
847 755 919 825 sept.
940 738 1034 814 1518,
1047 735 1134 798 in-80·

155 850 185 912 A
202 853 344 915 Maittario
362 854 393 914 in
411 855 476 915 lnd.
492 877 555 937 pag.
574 853 631 928 ada
649 877 679 916 ea
695 866 874 917 memoratur.

157 961 238 1023 Attii
251 961 361 1023 Tibulli
377 963 529 1046 elegiarum
540 963 603 1023 libri
621 965 674 1037 lV,
690 985 746 1023 una
762 985 827 1024 cnm
837 959 903 1019 vat.
920 955 1027 1019 Catulli
1042 952 1159 1036 epigm·

115 1061 218 1135 matis,
240 1083 294 1124 uec
314 1084 375 1124 nou
396 1064 472 1125 Sext.
491 1062 632 1141 Propertii
649 1061 713 1122 libri
731 1065 793 1137 tv,
810 1059 925 1143 elegiaci
941 1078 1008 1117 cum
1024 1052 1080 1115 suis
1095 1068 1158 1110 eon-

114 1161 274 1235 mentariis,
291 1162 425 1222 videlicet
442 1160 571 1245 Cyllaenii
586 1161 761 1222 Veronensis
778 1161 807 1220 in
820 1158 983 1230 Tibullum,
995 1148 1158 1216 Pssumis

113 1259 230 1319 Palladii
249 1260 278 1319 in
294 1260 457 1335 Catullum,
475 1272 504 1320 et
520 1260 593 1320 Phil.
610 1261 744 1322 Beroaldi
759 1261 791 1320 in
809 1257 1001 1337 Propertium.
1022 1250 1110 1314 Habes
1122 1245 1157 1304 lt·

114 1377 199 1434 super
213 1357 425 1419 emendationes
439 1358 470 1417 in
484 1358 576 1436 ipsum
592 1357 736 1418 Catullum
750 1379 800 1436 per
812 1357 895 1417 Hier.
911 1352 1071 1414 Avancium
1084 1345 1157 1404 Μ

112 1474 241 1516 oensem.
256 1457 317 1515 Nec
334 1476 395 1515 uon
410 1466 439 1513 et
455 1454 694 1537 castigatissimum
708 1452 830 1515 tabulam
846 1449 977 1514 omnium
993 1466 1101 1516 rerum,
1113 1455 1159 1520 q!

112 1555 143 1614 in
158 1555 285 1640 margine
301 1566 368 1616 sunt
384 1555 505 1632 positae,
528 1577 618 1632 nuper
631 1556 752 1616 additam
771 1566 801 1614 et
815 1574 961 1635 nunquam
978 1549 1044 1610 alias
1063 1547 1159 1621 impr&

112 1673 180 1715 sam.
195 1654 317 1715 Veneta'is
333 1655 364 1713 in
380 1652 488 1714 aedibus
503 1653 650 1715 Guilielmi
665 1653 699 1712 de
714 1645 1091 1714 Fontanetoltlontislerrati
1104 1655 1160 1703 aunt

112 1749 224 1812 domini
240 1751 382 1810 nultxx
397 1750 442 1812 die
457 1767 505 1810 xrs
523 1750 595 1832 julii.
618 1749 732 1832 lnclyto
748 1747 901 1809 Leonardo
918 1747 1080 1807 Lauretano
1094 1735 1160 1799 Prin·

112 1848 175 1927 cipe
195 1847 290 1925 1520,
306 1848 441 1911 in-folio.

152 1959 188 2016 ln
204 1955 255 2015 hac
269 1954 395 2016 editione
407 1952 504 2014 ultima
513 1954 575 2014 vice
585 1955 708 2037 Cyllenii
719 1951 934 2026 commentarii,
951 1948 1041 2010 toties
1051 1935 1161 2022 repellfis

110 2050 205 2113 excusi
220 2050 318 2124 luere,
336 2049 507 2133 exquibus,
525 2051 567 2111 uti
587 2052 775 2128 comparando
792 2049 934 2112 editiones
951 2049 1064 2106 Veneta
1085 2032 1162 2116 14072

109 2173 145 2236 9¹
161 2147 240 2233 ,93,
254 2172 312 2234 97,
334 2148 432 2224 1500,
453 2151 530 2210 1520
547 2150 695 2226 comperi,
712 2151 858 2232 plerasque
875 2145 1038 2218 lectiones,
1056 2133 1165 2225 quasille

109 2250 140 2308 in
156 2272 210 2309 suo
230 2249 382 2322 habuerat,
400 2249 431 2307 in
448 2248 508 2329 ipsa
521 2247 629 2308 Tibulli
646 2248 730 2311 verba
745 2248 868 2310 intulere
890 2245 1040 2318 editores,
1059 2236 1106 2323 qul
1119 2232 1166 2293 itu

108 2369 174 2408 cum
194 2350 287 2410 verbis
309 2361 404 2430 poetae
424 2347 521 2408 recudi
545 2360 699 2426 curarunt,
720 2361 749 2408 et
766 2349 881 2430 quidem
898 2347 1050 2427 aequiores
1075 2350 1167 2417 semp&

106 2449 208 2528 majori
225 2448 437 2521 cum-licentia,
455 2467 537 2526 quam
555 2447 736 2527 superiores,
753 2451 790 2509 ita
809 2461 842 2509 ut
863 2449 894 2506 in
915 2443 1082 2508 novissimis
1098 2432 1168 2500 letllt

108 2555 258 2606 contextus
276 2546 358 2621 plane
375 2545 521 2603 immutata
535 2544 582 2600 sit.
599 2544 647 2600 Sic
665 2547 698 2617 1,
716 2548 797 2625 Eleg.
816 2563 868 2620 tv,
886 2542 948 2617 34,
967 2545 999 2605 in
1016 2543 1087 2604 edsst.
1097 2541 1170 2600 tton-

105 2645 212 2727 legitur
226 2644 321 2702 turdos
331 2644 407 2713 dies,
428 2651 458 2699 at
471 2640 617 2723 Cyllenius
633 2640 662 2700 iu
678 2655 830 2703 comment.
848 2643 1059 2722 interpretatur
1073 2641 1171 2702 altem
1200 2706 1207 2729 ι

104 2742 261 2803 lectionem
271 2741 372 2799 stultos
386 2740 456 2797 dies.
469 2739 504 2796 ln
513 2740 622 2799 Veneta
634 2738 727 2824 1487,
742 2754 771 2802 et
785 2741 973 2823 sequentibus
983 2743 1081 2803 adbuc
1093 2736 1172 2800 uide
1203 2734 1207 2779 ³

104 2851 188 2913 erat,
217 2861 277 2899 non
296 2837 378 2920 quod
399 2835 546 2919 Cyllenius
568 2837 606 2896 ita
627 2839 770 2913 ediderat,
794 2855 823 2901 et
844 2843 922 2903 aliud
941 2843 1136 2920 explicuerat,
1148 2844 1174 2895 ut

103 2935 236 3002 Broukh.
250 2937 307 3011 ait,
329 2936 379 2996 sed
395 2935 462 3015 quia
477 2934 501 2993 is
518 2936 548 2993 in
566 2958 618 2996 suo
633 2937 712 2997 aliter
729 2939 852 3021 legerat,
874 2964 961 3023 quam
979 2943 1107 3024 vulgatae
1124 2949 1173 2995 tum
1202 2912 1207 2997 l

101 3037 256 3102 editiones.
272 3036 316 3095 At
331 3035 361 3093 iu
378 3034 446 3094 edit.
465 3031 542 3093 1500
554 3045 583 3092 et
603 3031 696 3108 1520,
713 3035 795 3094 etiam
811 3038 842 3095 in
856 3051 938 3098 textu
951 3043 1057 3100 stultos
1076 3035 1175 3121 legitur·
1201 3002 1207 3131 l

100 3135 275 3199 Novissimae
287 3135 332 3194 bae
345 3131 409 3191 duae
426 3129 565 3190 editiones
580 3153 676 3207 parum
691 3155 705 3191 a
722 3154 752 3192 se
767 3134 890 3196 invicem
904 3137 1026 3199 abeunt.
1040 3139 1176 3200 caetenm

99 3234 169 3298 vide
184 3254 267 3312 supra
279 3252 344 3313 quae
357 3228 392 3288 ad
409 3226 565 3289 editionem
579 3231 718 3288 Venetam
732 3252 777 3289 an.
799 3231 876 3293 1500
888 3238 1058 3299 notavimus
1075 3237 1106 3297 in
1119 3234 1177 3293 fine.
1205 3220 1207 3227 ¹

144 3340 275 3401 Catullus
298 3334 434 3399 Tibullus
450 3332 615 3410 Propertius
636 3334 711 3410 apud
731 3336 802 3395 Sim.
829 3338 1009 3403 Colinaeum.
1027 3342 1180 3404 Porisr'eus.

104 3436 204 3518 1529,
222 3435 316 3498 in-80.

142 3544 233 3602 Novo
249 3540 417 3601 characteris
431 3537 587 3597 litterarum
604 3556 729 3617 genere,
753 3539 832 3616 quod
853 3543 888 3602 ad
908 3545 1111 3629 catligmphfiae
1129 3546 1184 3609 εις.

99 3639 226 3727 gantm
242 3636 362 3718 propius
381 3636 507 3707 accedit,
523 3645 629 3693 exarata
646 3644 689 3690 est
707 3632 768 3693 ltaec
787 3635 898 3700 editio:
917 3662 953 3701 ex
970 3645 1068 3725 prim
1087 3644 1187 3706 Aldina

99 3755 251 3815 expressa,
268 3744 302 3792 ut
318 3732 372 3807 ipsi
386 3732 596 3808 comparatione
616 3729 687 3788 lacta
707 3735 909 3811 cognovimus.
932 3742 1078 3819 Repetita
1095 3744 1189 3805 eadem

99 3836 250 3897 aSirnone
267 3829 402 3891 Colinaeo
422 3827 498 3888 1533
508 3840 577 3900 aut,
591 3848 674 3906 quem
688 3850 793 3889 annum
804 3833 865 3893 aliae
880 3838 1071 3916 praeferunt,
1093 3841 1191 3917 1534,

101 3948 131 3995 et
142 3931 258 3993 minima
268 3928 360 3988 torma
374 3924 461 3998 1543.
477 3925 633 3986 Emendate
643 3924 673 3984 in
686 3927 728 3986 bis
742 3942 809 3988 sunt
819 3933 887 3993 vitia
898 3941 1048 4003 nonnulla
1060 3944 1197 4027 gravior,

101 4055 129 4096 r·
142 4055 167 4093 c·
183 4030 220 4104 Ι,
239 4047 290 4102 tx,
305 4047 346 4110 9,
360 4021 496 4106 perficio
505 4026 656 4102 ραπιιιὶα,
674 4024 719 4084 hic
732 4039 792 4102 est,
806 4037 942 4108 pannon
951 4039 1115 4117 ,asma
