2580 5002
242 715 510 779 CODICIBUS
529 718 590 779 ΕΤ
609 719 941 783 EDlTlONIBUS.
1083 725 1129 786 xlr

60 848 194 923 amandi,
214 849 338 912 carmine
351 850 452 913 Italico
468 851 627 928 redditum,
643 853 705 915 sine
720 854 777 916 ulla
792 854 929 938 temporis
944 866 974 916 et
989 852 1047 916 loti
1060 867 1129 917 uota

59 950 326 1012 edidit-Ubinam
346 974 415 1014 vero
431 953 595 1014 Florentius
612 952 661 1015 hic
678 954 895 1039 Argentinensis
912 955 1127 1040 typographiam

61 1053 236 1125 annuerit,
251 1052 352 1114 lubens
362 1075 417 1140 ego
431 1075 635 1137 cognoscerem
646 1079 653 1126 ;
672 1055 739 1116 licet
752 1055 880 1118 venetiis
890 1056 935 1118 vel
947 1056 1045 1119 saltem
1056 1056 1129 1117 intra

60 1154 199 1215 Venetam
211 1154 348 1216 ditionem
361 1155 519 1216 exercuisse
535 1156 655 1217 omniuo
670 1168 777 1234 putem.
791 1184 807 1210 2»

102 1254 280 1316 Bibliotheca
295 1255 418 1333 blaphaei
433 1256 535 1317 Piuelli
549 1257 652 1317 Veneti
669 1278 772 1340 magno
792 1260 848 1340 jam
866 1256 962 1318 studio
980 1257 1098 1318 collecta
1113 1279 1128 1317 a

60 1354 173 1417 Jacobu
188 1355 323 1418 Morellio
339 1355 406 1417 bibl.
423 1357 542 1419 Venetae
559 1358 597 1418 D.
616 1356 705 1419 Marci
722 1356 852 1420 Custode
868 1358 1006 1436 descripta
1022 1370 1051 1418 et
1072 1380 1129 1417 an-

61 1457 258 1519 notationibus
273 1458 428 1533 illustrata,
445 1472 516 1520 tom.
534 1461 584 1533 ll,
601 1484 629 1543 p.
641 1456 717 1534 383,
733 1482 763 1522 n.
781 1459 871 1521 5051.

102 1558 219 1621 Titulus
234 1571 361 1620 accurate
372 1560 407 1620 ad
419 1561 602 1644 archetypum
615 1581 763 1639 expressus
778 1573 821 1622 est
831 1583 846 1621 a
857 1559 993 1622 Motellio
1004 1560 1034 1620 in
1045 1561 1129 1638 Epis-

58 1659 121 1721 tola
136 1658 171 1718 ad
188 1659 350 1722 Antonium
365 1661 511 1724 Comitem
527 1662 683 1736 Burtuh’ni,
699 1685 728 1745 p.
740 1661 778 1737 4,
793 1661 858 1736 ubi,
877 1684 941 1745 quae
954 1661 989 1722 de
1003 1661 1055 1722 hac
1067 1660 1128 1721 edi-

58 1761 142 1822 tione
156 1760 188 1820 in
203 1760 341 1845 Catalogo
357 1761 442 1823 latine
455 1762 586 1840 scripsit,
605 1762 709 1825 ltali'cis
723 1762 817 1825 verbis
838 1762 987 1825 iterantur.
1013 1765 1128 1824 ltlemo-

58 1873 138 1922 ratur
155 1883 186 1922 ea
201 1883 218 1922 a
231 1863 373 1937 Pauaero,
396 1875 467 1923 tom.
483 1863 538 1937 lV,
556 1887 584 1946 p.
600 1860 637 1938 6,
656 1887 685 1924 ιι.
703 1886 751 1926 aa.
770 1866 806 1924 lu
822 1885 942 1946 quanam
957 1863 1130 1925 bibliotheca

58 1963 117 2024 hoc
131 1961 319 2024 Pinellianurn
335 1963 494 2042 exemplum
509 1964 652 2047 hodieque
669 1964 774 2039 lateat,
797 1964 923 2047 quamvis
945 1965 1018 2026 scire
1042 1986 1129 2026 cura-

57 2062 169 2138 verim,
186 2074 280 2124 tamen
295 2063 387 2126 adhue
405 2062 519 2148 ignoro.
544 2065 641 2139 Quare
661 2064 805 2148 rogandus
824 2087 902 2126 nunc
926 2075 971 2126 est
991 2063 1130 2147 publice,

60 2162 189 2246 quisquis
211 2176 277 2238 est,
301 2186 466 2246 possessor,
492 2175 525 2224 ut
543 2163 618 2225 haur
636 2164 792 2227 editionem
813 2165 966 2248 diligenter
982 2164 1130 2238 excutiat,

61 2262 205 2346 studiique
226 2264 270 2325 sui
290 2264 438 2338 fructum,
454 2265 649 2326 communium
671 2265 828 2328 litterarum
849 2287 952 2339 causa,
979 2265 1155 2349 nobiscum·

59 2364 261 2426 communicet.

377 2566 421 2638 ll.
448 2563 687 2649 Bortola‘uionu,
712 2563 813 2656 in·4⁰.

182 2757 299 2818 Aturus
315 2758 474 2818 Trnvuuvs
488 2760 597 2829 soors
610 2758 661 2818 lto
673 2777 703 2840 χ
729 2759 753 2818 Ρ
767 2783 795 2837 χ

182 2859 279 2920 initias
294 2858 365 2920 alius
379 2857 459 2921 fuluo
474 2858 528 2921 sibi
543 2871 658 2945 cogerat
672 2881 743 2921 auro

181 2960 222 3020 Et
233 2971 329 3020 teneat
344 2959 414 3022 culti
428 2963 525 3043 jugera
540 2981 641 3044 magna
653 2960 709 3022 soli
722 2963 749 3018 ><

99 3105 145 3166 De
165 3103 217 3165 hac
237 3104 362 3166 editione
383 3104 443 3188 agit
465 3104 615 3166 Morellius
635 3126 752 3187 eamque
768 3102 808 3164 ibi
828 3103 867 3163 ita
887 3102 945 3164 lere
967 3101 1100 3164 describit
1110 3127 1132 3169 ,ι

57 3203 192 3270 Carmina
211 3204 243 3264 iu
263 3216 321 3265 tres
346 3203 460 3277 libros,
482 3204 584 3265 litteris
609 3205 770 3287 majusculis
793 3203 957 3277 indicatos,
979 3201 1128 3264 distributa

58 3320 147 3382 sunt;
162 3318 278 3390 quartus
291 3329 351 3367 uon
367 3319 412 3368 est
426 3318 569 3384 separatus
581 3327 598 3366 a
611 3305 698 3366 tertio
716 3305 770 3366 nisi
784 3307 836 3366 hac
850 3304 1059 3383 inscriptione,
1077 3305 1127 3365 Au

58 3413 258 3475 massarum.
281 3405 407 3492 Singulis
424 3406 553 3489 Elegiis,
578 3428 630 3469 uec
649 3418 744 3467 tamen
762 3404 918 3478 omuibus,
942 3406 1129 3483 praepositum

59 3526 105 3576 est
121 3512 205 3574 breve
217 3509 360 3595 elogium,
377 3529 529 3590 earumque
541 3506 643 3568 litterae
654 3504 793 3579 initiales,
809 3504 833 3566 si
848 3505 923 3566 forte
934 3506 1127 3582 reperiantur,

58 3616 162 3678 lormae
181 3624 250 3675 sunt
269 3609 445 3672 minusculae.
465 3608 618 3670 Character
640 3606 796 3667 litterarum
822 3616 866 3666 est
893 3604 1056 3676 rotundus,
1080 3604 1128 3665 sed

57 3714 147 3797 paulu
162 3712 261 3775 rudior
278 3723 307 3772 et
321 3709 475 3794 grandior,
494 3730 576 3791 quam
587 3709 617 3768 in
628 3706 688 3767 aliis
705 3707 790 3789 hujus
805 3705 859 3767 aevi
871 3703 1025 3781 exemphs,
1041 3704 1081 3763 ita
1095 3715 1128 3765 ut

56 3818 161 3903 pagina
171 3833 290 3898 qrraeque
304 3812 338 3873 ad
350 3833 490 3873 summum
501 3831 598 3897 versus
610 3806 649 3881 ad
659 3806 797 3869 exhibeat.
803 3806 929 3877 Versus,
944 3814 977 3864 ut
987 3802 1126 3881 inprimis

56 3912 293 4001 Chalcographiae
309 3910 499 3985 rudimentis,
514 3907 676 3992 inaequales.
691 3906 840 3991 singulare
854 3905 911 3965 hoc
927 3915 994 3977 est,
1014 3903 1126 3967 nullum

55 4016 134 4081 aliud
144 4011 385 4098 interpunctionis
397 4013 508 4095 signum
520 4010 629 4083 inesse,
640 4006 697 4068 nisi
702 4005 844 4087 parvulam
851 4004 973 4067 litteram
985 4005 1030 4078 X,
1049 4027 1126 4066 nuno

55 4140 113 4200 pro
124 4119 253 4201 majore,
275 4135 353 4175 nunc
363 4134 417 4191 pro
432 4113 544 4173 minore
559 4125 657 4195 στιγμῇ
670 4107 838 4183 adhibitam,
856 4105 936 4189 quod
945 4103 1011 4166 alibi
1021 4103 1125 4167 vidisse

55 4240 121 4281 nou
132 4215 300 4279 meminerat
309 4211 469 4274 Motellius.
487 4214 561 4292 (Est
569 4211 609 4273 ita
619 4207 881 4275 etiamiueditioue
890 4203 1044 4289 Regiensi,
1060 4227 1125 4287 quae

58 4317 142 4381 nullo
159 4340 212 4380 uec
232 4325 371 4378 commate
388 4334 440 4373 nec
460 4311 574 4391 punctis
593 4309 771 4373 interstincta
786 4320 850 4384 est,
870 4305 921 4373 sed
936 4327 1037 4367 eorum
1057 4305 1125 4367 loco

59 4407 1125 4561 superarumserssuur)emorousae-sumntum
