2580 5002
184 676 261 760 uvis,
570 677 629 738 or
655 677 852 739 rreum

184 808 220 870 ab
236 808 287 868 illo
301 807 442 870 Huscbkii
457 807 653 886 discrepantia,
671 831 759 870 unum
773 808 962 871 adulterinum
976 809 1095 883 babuit,
1108 810 1240 873 nisiioete

185 907 317 966 notitiam
334 928 412 966 suam
428 927 461 966 ex
476 905 531 967 ulio
547 906 620 967 libro
636 906 744 979 bausit,
761 910 915 983 Panrerus,
926 921 997 970 tom.
1013 911 1111 983 VIII,
1129 933 1160 988 p.
1175 908 1240 983 353,

188 1027 218 1065 n.
237 1026 303 1064 rar.
319 1005 541 1076 Adulterium,
559 1005 675 1076 babuit,
691 1006 756 1088 quia
770 1006 910 1084 Epistulae
925 1006 994 1068 Aldi
1008 1009 1038 1068 io
1050 1029 1086 1071 eo
1103 1010 1240 1091 praescrip

189 1112 251 1162 tum
266 1114 324 1163 erat
336 1125 344 1160 ι
358 1104 406 1163 At.
424 1103 486 1162 Mu.
497 1103 615 1162 Mariua
630 1104 756 1162 Suuuuto
772 1104 890 1163 Potritio
905 1106 1008 1165 Veneto
1019 1105 1166 1168 Leonardi
1180 1106 1242 1166 Et

190 1204 296 1264 omisso
320 1204 375 1262 Ro.
396 1215 425 1263 et
446 1200 570 1263 exhibito
587 1200 728 1262 leonardi
744 1225 797 1279 pro
819 1203 968 1263 Benedicti
981 1205 1014 1263 F.
1036 1204 1115 1265 Illud
1134 1204 1242 1266 sortasse

189 1323 254 1363 casu
263 1300 407 1362 omissum.
423 1301 481 1361 Sed
496 1312 602 1362 exstare
616 1300 794 1381 exemplaria,
806 1324 870 1382 qum
877 1301 1017 1362 leonardi
1027 1301 1243 1379 habemuceu

189 1401 293 1462 certius
314 1413 366 1462 est
387 1403 497 1484 Nempe
516 1401 613 1461 Leidae
634 1411 760 1462 servatur
780 1400 938 1478 exemplar,
959 1402 1039 1483 quod
1058 1403 1100 1463 ita
1123 1403 1245 1467 deserte

191 1502 341 1562 sanunius
358 1500 388 1560 in
405 1499 617 1561 Collectaneis:
640 1527 655 1552 «ι
671 1502 704 1559 ln
720 1499 890 1561 bibliotheca
907 1502 1000 1585 Lugd.
1016 1505 1080 1564 Bat.
1095 1524 1164 1587 pag.
1180 1500 1245 1581 252,

191 1596 268 1657 Rist.
283 1595 342 1681 574
358 1609 447 1657 exstat
463 1596 570 1670 editio,
588 1620 652 1680 quat
665 1618 725 1657 noo
742 1597 826 1658 habet
838 1597 906 1656 anni
922 1611 1038 1659 notam:
1056 1599 1178 1663 videtur
1191 1600 1246 1663 clu·

190 1708 297 1756 ractere
309 1696 436 1777 proxime
445 1695 576 1756 accedere
587 1695 622 1754 ad
633 1693 730 1755 Aldin.
747 1692 840 1767 1502,
854 1695 899 1757 vel
910 1697 1072 1757 Juutinum.
1087 1698 1184 1775 Quod
1193 1716 1247 1765 rut

188 1792 333 1876 singulare
348 1805 409 1867 est,
422 1793 525 1875 legitur
539 1792 570 1852 in
585 1793 770 1871 inscriptione
784 1793 976 1872 praelationis:

353 1978 484 2039 Sannuto
499 1977 618 2040 Patritio
634 1979 746 2040 Veneto
762 1979 904 2039 Leouorrli
918 1979 990 2041 filio.

196 2159 231 2220 ln
247 2159 351 2221 Aldina
364 2174 458 2221 autem
474 2160 560 2223 1502.

357 2347 520 2409 -Patritio
534 2349 647 2409 Veneto
660 2345 810 2408 Benedicti
823 2347 892 2408 lilio.

197 2523 232 2581 ln
248 2521 384 2598 Juuttua,
403 2523 476 2585 sicut
492 2522 522 2582 in
534 2522 604 2582 Ald.
620 2520 708 2583 1515.

398 2697 523 2758 Patricio
537 2698 649 2757 Veneto
665 2696 812 2756 Benedicti
822 2693 892 2755 filio.

198 2868 233 2925 ln
246 2865 396 2944 exemplari
413 2866 496 2925 etiam
512 2865 700 2950 Lugdunensi
716 2863 887 2943 penultimus
904 2861 1078 2942 praelationis
1095 2882 1200 2927 vasus
1213 2862 1254 2923 de·

197 2966 265 3026 sinit
282 2969 311 3026 in
325 2988 397 3028 voce
415 2988 490 3030 uerus
511 2964 542 3024 in
561 2965 674 3026 Aldiuis
695 2965 725 3025 in
745 2988 816 3027 voce
833 2965 939 3035 redire,·
957 2963 987 3022 in
1001 2964 1126 3025 Juntioa
1146 2965 1181 3026 in
1198 2980 1256 3029 roe

197 3089 270 3128 cum.
288 3096 302 3121 u
320 3070 393 3127 llaec
404 3067 572 3142 Santenius,
590 3080 666 3128 recte
683 3089 820 3140 monens,
831 3066 1013 3148 archetypum
1026 3064 1095 3126 illd.
1104 3088 1155 3127 an.
1173 3065 1256 3137 1502,

196 3166 298 3228 babere
317 3166 452 3237 Patricio,
475 3167 542 3226 ald.
563 3189 607 3226 an.
632 3165 707 3228 1515
723 3167 855 3227 Patricio.
874 3166 952 3226 ldcm
969 3176 1045 3228 recte
1060 3165 1161 3241 addit,
1182 3162 1257 3228 inl'u

196 3264 270 3323 binis
284 3264 487 3347 exemplaribus
503 3266 689 3344 penultimum
705 3264 877 3348 praelationis
894 3285 1005 3325 versum
1022 3263 1158 3327 desinere
1174 3266 1208 3326 in
1221 3284 1259 3327 re·

197 3360 340 3421 clitellis
362 3362 511 3442 praemissis
528 3363 622 3446 pergit
643 3363 806 3423 Huschlius
829 3362 885 3423 boc
905 3362 1019 3423 modo:
1039 3389 1054 3414 u
1078 3361 1123 3421 At
1144 3360 1259 3425 duuab

197 3461 379 3542 exemplaria,
398 3485 461 3543 quae
476 3484 529 3546 ego
546 3461 698 3540 possideo,
713 3463 847 3524 desinunt
862 3459 919 3533 ibi,
937 3461 1011 3520 sicut
1024 3458 1055 3517 in
1070 3480 1103 3519 ea
1116 3458 1259 3531 editione,

198 3581 282 3641 quam
291 3562 312 3621 J
314 3559 439 3621 uotiuum
450 3561 518 3622 dicit
533 3563 648 3624 Santen.
666 3563 694 3621 in
705 3583 777 3625 voce
788 3584 871 3633 cum,
890 3571 919 3618 et
931 3559 960 3617 in
971 3556 1168 3638 inscriptione
1177 3571 1260 3621 tau

198 3661 303 3723 babent
311 3662 610 3723 Pulticula-Benedicti.
621 3666 701 3745 Ergo
712 3663 773 3724 banc
785 3683 881 3722 rursus
898 3660 1006 3720 diuersa
1019 3671 1109 3719 sunta
1123 3656 1262 3723 Leidead

198 3760 257 3822 Sed
271 3783 398 3842 quaenam
414 3760 527 3821 tandem
542 3772 586 3821 est
602 3762 723 3821 Juntina
737 3759 806 3819 illa?
824 3760 935 3835 Nempe
951 3778 1001 3833 ea,
1020 3778 1085 3839 quae
1096 3755 1142 3820 sic
1156 3776 1262 3824 mm&

198 3873 275 3921 ratur
288 3861 318 3920 iu
335 3861 424 3922 Catal.
438 3859 515 3922 Bibl.
534 3860 649 3920 Santen.
667 3883 695 3941 p.
716 3857 791 3933 105,
810 3881 838 3917 n.
856 3855 905 3917 52.

243 3987 388 4062 Catullus,
411 3987 555 4061 Tibullus,
576 3988 757 4068 Propertius,
781 3983 850 4046 edit.
868 3983 956 4065 antiq.
974 3982 1035 4043 sine
1050 3981 1120 4043 loeo
1138 3996 1172 4047 et
1184 4003 1263 4047 mut·

198 4089 328 4168 (Catulli
341 4090 468 4172 quaedam
483 4112 549 4151 cum
563 4099 632 4152 vett.
648 4087 725 4148 MSS
742 4096 811 4147 sont
824 4085 958 4162 collata.)

246 4215 340 4278 Habet
356 4238 386 4279 ea
404 4218 435 4278 in
451 4217 537 4279 titulo
559 4216 714 4296 Propetius.
739 4212 786 4271 Ad
806 4214 891 4274 finem
903 4215 939 4295 ‚in
958 4210 1092 4274 schedula
1121 4158 1263 4300 septula,

205 4318 342 4393 Catullus,
366 4320 505 4391 Tibullus,
524 4317 691 4398 Propertius.
711 4314 765 4375 Vir
779 4316 880 4377 doctus
898 4315 931 4375 iu
944 4313 1040 4376 fronte
1057 4312 1126 4375 libri
1151 4330 1264 4381 annou-

199 4417 260 4479 trit:
278 4419 316 4479 In
330 4420 474 4502 Propertio
490 4417 609 4500 primam
620 4417 753 4485 Aldinam
767 4412 931 4495 secutufieit
940 4416 1001 4479 lec
1015 4414 1110 4476 edituis.
1125 4415 1180 4483 Ad
1189 4418 1262 4480 fine·
