2550 4972
482 262 486 269 ι
507 262 519 269 .-
536 254 569 267 ··'-·'
590 254 608 259 '¹

60 35 410 277 -
410 35 535 269 ΙΙΙ
1212 270 1219 275 .

273 660 538 727 contentus
567 659 627 720 ET
648 657 976 724 EDITIONlBUS.
1101 682 1154 723 xxv

62 808 66 847 t
123 810 147 850 cr
159 797 272 859 extremis
297 796 328 856 in
346 793 501 873 principia,
518 814 553 855 ex
568 792 612 852 his
635 790 665 850 in
683 791 825 864 medium,
838 813 871 852 ex
884 790 941 852 hoc
957 789 988 850 in
1002 800 1156 874 utrumque

60 850 66 951 l
121 886 193 952 lotum
204 894 248 954 slii
261 906 291 953 et
306 891 355 952 clii
369 891 480 975 disjecti
499 890 572 965 sint,
593 903 622 952 et
638 890 752 973 quidem
766 891 823 964 its,
840 901 893 964 ut,
911 889 1006 973 quod,
1021 890 1077 950 nisi
1093 890 1154 952 dota

60 958 66 1033 i
119 1007 193 1065 tom,
204 1005 232 1054 et
242 1013 342 1076 magna
356 1013 421 1052 euro
435 1002 514 1061 orte,
531 988 592 1050 fieri
605 988 651 1050 vix
664 989 823 1067 potuisset,
837 1009 950 1050 sensum
967 987 1155 1070 qualemcun-

119 1105 159 1163 que
167 1090 342 1150 constituant.
353 1090 421 1148 lloc
435 1085 460 1146 si
473 1086 590 1148 credere
606 1085 756 1160 dehemus,
765 1104 829 1146 nou
841 1087 896 1167 jam
909 1084 989 1162 pluro
999 1086 1034 1146 de
1044 1098 1157 1147 atomo-

116 1201 162 1244 tun
176 1186 290 1250 fortuito
304 1208 449 1249 concursu
468 1206 533 1246 curn
545 1185 664 1263 Epicuri
677 1184 821 1263 discipulis
839 1184 982 1266 disputare
994 1183 1070 1245 licet.
1085 1186 1157 1246 Non

115 1301 165 1344 tero
176 1297 283 1348 tantum
305 1286 415 1347 ratione
438 1284 604 1345 destituitur
624 1283 654 1344 id
674 1283 844 1358 consilium,
872 1284 920 1344 sed
937 1284 1019 1347 etiam
1040 1285 1155 1363 pericu·

114 1375 184 1443 losum
195 1396 239 1446 est
251 1395 281 1445 et
294 1382 362 1445 slcae
374 1385 499 1466 plenum·
517 1384 591 1444 Nam
608 1382 730 1460 primum
741 1383 772 1443 in
786 1393 861 1443 unca
873 1381 1070 1465 ingeniorum,
1081 1406 1153 1445 sen-

113 1496 174 1541 snum
190 1505 220 1543 ac
233 1482 408 1566 judiciorum
422 1483 583 1546 diversitate
598 1482 792 1564 uuusquisque
803 1481 988 1563 slioelioque
999 1482 1087 1543 modo
1105 1483 1154 1543 hes

111 1580 322 1657 mpositiones
331 1580 467 1656 institnit,
477 1581 535 1664 pari
546 1582 707 1664 temenjure
716 1602 803 1662 quum
812 1580 898 1642 semel
907 1602 940 1641 ex
948 1578 1065 1641 arbitrio
1073 1600 1156 1663 egere

111 1691 211 1754 ceptum
232 1680 289 1742 sit:
315 1692 376 1741 tum
396 1680 422 1740 si
436 1680 522 1742 semel
546 1679 619 1741 illud
639 1681 719 1762 sequi
742 1681 877 1762 coeperis,
892 1681 965 1741 intra
985 1702 1058 1762 quos
1082 1679 1153 1740 fines

111 1780 301 1844 tonsistendum
315 1783 372 1855 sit,
385 1803 536 1864 quousque
551 1781 686 1864 progredi
700 1780 798 1855 liceat,
812 1782 842 1840 in
855 1780 915 1841 aliis
932 1800 1049 1864 quoqne
1061 1782 1153 1861 scrip·

110 1879 214 1959 tonhn,
230 1882 277 1946 vix
288 1881 400 1943 deliniri
415 1893 525 1963 potest;
545 1894 574 1943 et
585 1880 713 1956 nullum,
731 1881 868 1964 imprimis
881 1881 1052 1964 elegiacum,
1071 1883 1151 1964 quod

110 1977 203 2065 singulis
219 1983 278 2046 fere
293 1982 419 2045 distichis
429 1984 596 2043 sententiam
607 1981 731 2054 claudit,
744 2000 855 2042 carmen
869 1982 940 2056 erit,
953 1981 984 2042 in
997 2004 1056 2064 qno
1072 2003 1149 2049 non,

111 2073 231 2160 discerptis
249 2095 278 2145 et
294 2081 329 2142 ad
345 2092 449 2142 certam
463 2080 600 2142 rationem
616 2079 782 2158 compositis
799 2080 945 2153 versibus,
957 2101 1072 2141 sensum
1084 2081 1151 2142 sotis

111 2182 390 2272 wnnodumglheme
401 2203 447 2242 me
456 2181 528 2244 velle
543 2181 632 2243 ausim
647 2180 783 2258 recipere.
794 2180 861 2241 Hoc
876 2193 969 2242 tamen
987 2181 1151 2241 institutum

111 2276 237 2353 polirem
251 2279 453 2342 Bronhhusius
468 2280 558 2342 etalii
573 2292 591 2340 ¹.
608 2278 665 2341 Sed
681 2277 736 2342 viri
752 2278 831 2339 docti
843 2279 960 2360 genium
973 2278 1071 2362 elegiae
1088 2301 1149 2340 non

111 2376 156 2438 tetis
165 2393 340 2463 perspectum
350 2379 498 2441 hahehnnt.
510 2378 591 2455 Quid
603 2378 695 2451 enim,
710 2398 826 2459 quaeso,
843 2389 902 2452 est,
914 2362 945 2437 ih
958 2400 1017 2459 quo
1031 2379 1149 2438 maxime

111 2469 143 2535 tlh
156 2478 295 2542 rentur?
307 2501 343 2541 an
359 2479 389 2539 iu
403 2478 502 2540 subtili
521 2477 614 2559 aliquo
635 2489 664 2538 et
681 2477 716 2564 ad
736 2475 893 2538 dialectices
910 2474 1020 2562 regulos
1036 2490 1147 2551 exacta,

111 2590 181 2638 tencre
194 2591 223 2639 et
235 2578 333 2641 aoerhe
349 2597 444 2638 rerum
459 2577 506 2640 vel
520 2574 725 2639 sententiarum
743 2575 888 2657 positione
908 2590 938 2637 ct
950 2578 1149 2641 enarratione?

110 2672 165 2735 uin
178 2697 229 2751 eo,
244 2689 294 2751 nt,
310 2698 375 2758 quse
396 2673 526 2758 diligenti
548 2675 776 2737 consideretione
792 2682 823 2738 'et
839 2676 931 2738 multo
951 2677 1059 2759 judicio
1076 2702 1147 2742 exe-

110 2772 176 2849 gtth,
189 2775 318 2860 diligenti
338 2787 368 2837 et
388 2775 519 2858 castigata
535 2773 664 2838 oracione
683 2777 830 2858 expones?
848 2779 941 2839 lnuno
955 2799 1025 2840 vero
1040 2778 1072 2838 in
1089 2779 1146 2841 hoc

109 2866 151 2946 tiu
161 2872 303 2957 ingenium
319 2886 348 2935 et
365 2885 463 2935 notura
480 2875 660 2949 continetur,
677 2886 711 2935 ut
726 2873 812 2935 animi
829 2876 966 2938 commoti
981 2898 1013 2938 ec
1027 2891 1144 2959 pertur-

107 2959 148 3024 hli
157 2990 250 3032 sensus
266 2983 296 3033 et
309 2968 473 3033 allectiones
488 2993 539 3033 sen
551 2971 698 3035 molliores
712 2992 762 3032 seu
777 2995 811 3034 ex
823 2973 952 3057 graviore
967 2973 1075 3056 impetu
1088 2979 1143 3059 jam

108 3067 208 3130 renisus
223 3081 253 3132 et
264 3067 440 3131 subsidentes
456 3069 593 3153 exprimat
602 3085 624 3128 ².
639 3072 677 3132 In
689 3073 746 3134 hoc
760 3084 876 3156 regnat3
892 3073 923 3133 in
938 3075 995 3134 hoc
1010 3087 1071 3137 toto
1084 3089 1142 3151 est;

108 3157 147 3225 loc
157 3168 329 3247 pmcipuum
339 3180 537 3254 argumentum
549 3171 603 3231 sihi
617 3173 793 3233 tmctendum
806 3172 909 3248 sumit,
927 3196 1020 3256 neque
1035 3187 1142 3239 temere

107 3257 294 3331 tltlinvocnri
306 3266 401 3330 debet.
417 3269 513 3344 Quare
525 3268 615 3329 illud?
635 3271 717 3352 quia,
734 3293 798 3332 cum
807 3272 927 3355 singulis
938 3271 1068 3334 distichis
1078 3296 1142 3337 sen-

107 3369 172 3473 lentia
183 3372 307 3447 finietur,
325 3395 386 3436 non
399 3374 454 3436 nisi
468 3375 586 3462 singulae
599 3389 628 3438 et
641 3400 656 3438 a
670 3399 700 3439 se
712 3377 834 3443 invicem
845 3381 981 3463 sejunctae
992 3384 1140 3445 sententie

107 3481 129 3522 ¹¹1
139 3487 162 3528 er
175 3471 242 3552 poni
257 3483 389 3553 possunt.
404 3475 476 3536 Haec
488 3486 548 3548 est,
564 3475 588 3535 si
604 3476 665 3556 ejus
677 3473 802 3537 indolem
817 3489 894 3539 recte
905 3477 1064 3560 perspicio,
1077 3502 1142 3542 vere

106 3580 191 3644 teon,
202 3592 253 3632 cur
263 3569 392 3633 motibus
403 3573 487 3634 animi
499 3574 686 3655 exprimendis
697 3577 780 3638 unice
789 3575 924 3637 destinate
935 3576 981 3638 sit.
999 3576 1052 3636 Uti
1064 3579 1141 3657 prin-

106 3658 162 3744 dpio
173 3666 264 3731 luctui
273 3682 305 3732 et
319 3671 443 3734 tristitie
455 3673 622 3737 inserviebat
631 3672 654 3750 ³,
662 3674 701 3735 its
715 3695 848 3736 successu
858 3676 995 3757 temporis
1005 3675 1036 3736 in
1045 3697 1142 3738 amore

127 3875 134 3904 ¹
147 3876 193 3932 see
203 3880 256 3952 jem
268 3880 333 3935 illud
342 3874 503 3956 reprehendit
514 3897 602 3957 preter
613 3885 736 3958 Vulpium
749 3889 926 3958 hyrmsnnus,
940 3887 961 3957 S
974 3888 1018 3959 69,
1032 3889 1053 3959 S.
1063 3911 1102 3961 7¹·

125 4001 213 4061 'horte
224 4007 341 4064 Boileuu
352 4011 380 4064 in
387 4014 448 4066 Arte
460 4033 504 4067 sus
515 4031 522 4066 t
987 4003 988 4006 Ἴ

323 4129 342 4167 ll
351 4131 393 4168 lent
399 4143 439 4182 qno
445 4133 463 4170 le
470 4144 522 4171 ooeur
528 4134 569 4171 seul
578 4134 631 4184 prrle
641 4135 688 4172 clrns
696 4120 783 4184 t'tfittgie.

122 4234 266 4312 ’Pniscipio
276 4243 343 4310 dixi,
352 4229 486 4297 flentium
498 4260 615 4316 sequutus
628 4259 689 4300 noto
699 4246 757 4299 loco
766 4246 820 4301 Arc
829 4249 860 4317 75
871 4268 921 4319 sep,
936 4268 989 4303 non
997 4251 1069 4321 qussi
1080 4251 1148 4327 elegi

98 4325 189 4380 mino
207 4348 222 4381 n
235 4327 397 4400 querimonis
412 4331 594 4403 processerint:
607 4332 735 4402 antiquior
748 4352 834 4386 eorum
853 4353 912 4387 usus
925 4335 972 4386 fnit
985 4335 1012 4387 in
1031 4335 1147 4390 brevibus

96 4411 212 4465 ermetis
219 4410 307 4468 ethicis
317 4411 435 4484 ,gnomis
442 4424 466 4465 et
476 4414 602 4485 preceptis
614 4415 680 4470 vics.
690 4414 764 4471 Telos
773 4417 842 4470 suere
850 4416 916 4488 elegi
923 4416 1088 4488 Theognidis,
1098 4419 1148 4473 So·

942 4529 958 4585 b
