2550 4972
142 333 215 416 uxtj
532 330 590 391 nn
617 328 811 389 rrnunns

139 485 261 546 nemque
280 464 310 523 in
328 483 401 525 nora
414 459 581 523 recensione
598 460 764 544 comparavi.
785 460 876 522 Pauca
891 472 984 524 umen
1000 460 1032 521 in
1047 481 1081 523 es
1097 463 1251 526 obser?

135 587 201 628 vare
214 563 312 648 potui,
329 585 393 644 quse
409 583 468 622 non
481 561 513 620 in
529 559 628 622 ceteris
647 582 763 642 quoque
778 560 890 640 scriptis
904 560 982 624 libris
997 578 1184 628 occurrerent
1219 576 1254 627 ἓ

136 675 166 725 et
178 664 297 724 omnino
311 660 382 721 liber
397 659 445 721 ille
463 658 653 720 Corvinianns
669 659 734 721 satis
748 682 847 722 recens
865 680 925 721 esse
941 660 1057 736 debuit,
1074 664 1181 725 seculo
1197 695 1259 729 4

135 777 228 847 puto,
244 765 299 824 XV
312 774 446 824 exaratus.
468 762 616 836 Quantum
629 782 663 822 ex
674 761 839 840 praeiatione
853 761 1000 845 intelligo,
1017 764 1264 841 Propertium,

135 883 250 948 quoque
261 875 290 923 et
307 860 450 922 Catullum
461 859 552 921 codex
565 859 747 923 continebat:
764 860 908 939 promittit
920 860 997 922 euim
1008 861 1265 937 Koeleserius9

135 986 167 1028 se
181 986 231 1026 eos
249 962 367 1025 Tibullo
382 961 500 1024 comites
517 962 647 1022 daturum
663 982 733 1023 esse.
750 960 844 1022 Habet
860 962 916 1023 boc
932 961 1074 1045 singulare
1090 964 1266 1036 codex..-

134 1066 215 1152 quod
229 1061 392 1147 Elegiarum
408 1083 542 1122 numerus
557 1052 647 1144 usque
664 1060 702 1124 ad
718 1061 803 1121 finem
820 1060 1021 1136 continuatur,
1039 1061 1272 1146 desinitque?

134 1167 167 1227 in
183 1162 281 1248 Elegia
298 1161 464 1233 XXXVII,
480 1161 588 1219 Rumor
601 1163 645 1219 ait
661 1159 771 1230 crebro;
792 1158 845 1219 etsi
862 1157 915 1219 sub
930 1158 996 1219 libri
1012 1162 1153 1242 cujusque
1167 1174 1274 1220 enr-

134 1264 217 1325 trinis
238 1260 351 1322 initium
365 1258 537 1341 adscriptum
551 1271 616 1333 est,
634 1281 740 1320 novum
763 1255 868 1318 librum
887 1257 935 1319 bic
955 1259 1070 1320 initium
1087 1259 1190 1322 babere

136 1363 239 1441 Quarti
254 1360 320 1421 libri
335 1357 445 1420 notatio
467 1357 544 1419 nulla
561 1369 621 1431 est,
643 1358 693 1419 sed
715 1357 913 1441 praescriptum
931 1382 938 1418 ε
955 1359 1066 1422 Laudes
1087 1361 1173 1425 Corui
1274 1388 1275 1396 ι

134 1462 271 1525 Messala
287 1460 395 1519 lteroico
413 1459 539 1517 amnone
551 1458 719 1518 describit.»

179 1589 195 1617 ι
205 1560 343 1645 Exposita
360 1572 403 1622 est
423 1570 554 1641 tanquam
567 1559 598 1619 in
612 1571 757 1621 stemmate
772 1562 906 1642 prosapia
921 1583 957 1620 ac
972 1563 1056 1643 stirps
1070 1564 1113 1623 lec
1143 1592 1148 1615 ι
1180 1566 1275 1602 's‘

138 1662 308 1723 Tibulliauoe
323 1681 373 1742 per
391 1671 438 1720 tot
449 1658 589 1720 editiones
607 1659 741 1731 deducta,
760 1660 856 1720 eadem
872 1680 957 1738 opera
970 1659 1055 1721 simul
1073 1681 1179 1722 enume

131 1763 185 1825 rati
198 1774 266 1824 sunt
281 1762 361 1835 libri,
379 1783 503 1844 quorum
514 1761 679 1822 auctoritate
692 1760 784 1823 nostri
800 1773 893 1839 poetar
906 1773 961 1822 stat
971 1761 1075 1833 lectio;
1094 1761 1165 1842 quib
1188 1778 1275 1812 2²-

86 1930 91 1939 ,
128 1863 194 1927 addi
209 1874 331 1941 possunt
347 1860 496 1933 nonnulli,
514 1860 646 1942 equibus
663 1883 718 1922 una
735 1861 780 1922 vel
799 1861 884 1921 altera
901 1860 987 1923 lectio
1005 1863 1114 1943 prolata
1135 1872 1181 1921 est

130 1964 181 2047 qui
195 1974 289 2023 tamen
304 1983 354 2043 per
366 1972 460 2022 totum
477 1958 582 2019 librum
599 1982 664 2019 cum
683 1960 794 2041 vulgata
806 1959 959 2039 comparati
977 1982 1038 2020 non
1055 1971 1133 2021 sunt.
1156 1961 1169 2019 l

129 2060 277 2124 Fraterius
292 2059 322 2118 iu
338 2055 544 2118 Verisimilibus
558 2060 590 2130 l,
605 2054 623 2114 5
636 2080 643 2127 ;
661 2059 713 2129 ll,
732 2081 744 2119 1
767 2070 796 2118 et
814 2059 866 2119 ult.
885 2059 987 2141 passim
999 2059 1116 2120 MStum
1135 2060 1178 2120 Da

128 2158 210 2220 nielis
231 2156 333 2217 laudat.
350 2153 494 2215 Corradus
515 2153 545 2213 in
563 2154 715 2228 Quaestum
728 2177 755 2232 p.
774 2151 856 2228 325,
879 2155 948 2216 edit.
970 2155 1050 2237 Lips.
1066 2157 1187 2219 codicem

128 2268 296 2319 memorata
317 2254 440 2327 Catulo,
461 2265 568 2315 sacrato
589 2251 694 2335 Equite
716 2254 956 2338 Hierosolymauo
979 2254 1090 2328 nobili,
1114 2254 1194 2316 dono

127 2367 289 2434 acceptum
305 2352 460 2425 lectiones,
477 2373 543 2433 quas
558 2371 592 2410 ex
604 2372 639 2412 eo
653 2351 765 2426 attulit,
783 2353 841 2414 suis
858 2353 929 2415 locis
942 2353 1111 2415 notavimus.
1127 2354 1176 2415 sat

128 2455 231 2517 marius
252 2450 364 2514 codices
390 2449 501 2530 aliquot
525 2471 591 2510 suos
619 2447 726 2509 Tibulli
749 2462 886 2511 memorat
910 2451 940 2509 in
968 2448 1092 2511 Exercit.
1116 2450 1192 2512 Plin.

128 2578 157 2635 p.
172 2555 241 2639 492.
254 2554 290 2613 B.
302 2550 346 2610 ed.
358 2552 435 2633 Traj.
446 2551 557 2612 Doctus
570 2551 689 2611 Batavus
707 2549 736 2609 in
753 2549 839 2612 Obss.
854 2550 937 2612 Misc.
949 2550 1015 2612 Vol.
1031 2552 1070 2611 ll.
1083 2573 1111 2633 p.
1125 2549 1193 2637 adq
1242 2578 1274 2595 α

128 2675 207 2734 seqq.
225 2651 363 2712 lectiones
383 2634 492 2729 aliquot
508 2669 524 2708 e
541 2647 639 2709 codice
661 2670 714 2709 suo
737 2646 863 2726 profert,
890 2650 940 2710 sed
963 2671 1028 2732 quse
1049 2648 1194 2735 avulgata
1226 2662 1274 2689 ‘-

128 2751 200 2813 nibil
215 2749 400 2811 discedunt.»

167 2849 275 2911 Verum
291 2857 394 2928 praeter
410 2846 464 2906 hos
477 2867 538 2907 non
551 2846 632 2928 pauci
647 2847 750 2925 passim
765 2851 795 2908 in
809 2849 981 2910 bibliothecis
995 2861 1105 2911 exstant
1117 2853 1190 2911 libri.

127 2946 212 3021 Quos
233 2942 363 3027 Heynius
380 2943 480 3025 partim
496 2964 512 3003 e
528 2941 761 3006 bibliothecarum
781 2945 932 3031 catalogis,
955 2945 1056 3028 partim
1076 2947 1191 3012 aliunde

125 3052 256 3114 nautas,
274 3062 364 3123 quum
376 3039 407 3099 in
421 3038 517 3117 priore
533 3040 658 3103 editione
681 3043 883 3118 recensuisset,
895 3055 928 3102 nt
942 3065 1002 3104 uno
1018 3044 1097 3125 quasi
1113 3066 1191 3108 con-

125 3151 225 3220 spectu
240 3138 346 3200 intueri
360 3149 459 3217 posset
474 3138 585 3215 lector,
602 3153 737 3222 quantum
756 3141 839 3204 nobis
855 3142 885 3202 in
901 3166 961 3205 uno
979 3144 1035 3204 boc
1049 3156 1107 3205 tam
1125 3146 1190 3206 exi-

124 3264 191 3328 guo}
209 3241 294 3304 molis
316 3241 495 3329 usqueadeo
518 3243 674 3325 multorum
695 3244 845 3305 hominurn
863 3245 987 3307 lectione
1010 3245 1190 3329 frequentato

123 3355 207 3425 poeta
220 3337 411 3404 subsidiorum
425 3340 553 3402 relictum
564 3342 615 3417 sit,
630 3343 712 3405 etiam
727 3365 742 3404 e
758 3345 853 3426 priore
866 3345 1032 3423 praelatione
1046 3344 1077 3405 in
1092 3347 1190 3410 subse·

123 3453 244 3523 quentcs
261 3443 338 3505 bunc
350 3442 506 3526 catalogum
518 3442 671 3502 transvexit
681 3464 765 3523 quem
776 3442 828 3502 tibi
841 3445 887 3504 hic
900 3444 957 3505 loci
970 3443 1064 3508 denuo
1073 3459 1188 3510 auctum

123 3552 207 3621 atque
228 3543 405 3601 emendatum
421 3540 573 3623 legendum
588 3540 786 3628 proponimus.
804 3539 921 3601 Initium
938 3543 1021 3625 hujus
1038 3547 1190 3609 recensio-

124 3636 168 3697 nis
184 3634 316 3698 faeiemus
327 3639 362 3698 ab
378 3639 483 3712 ltalia,
499 3638 631 3699 codicum
647 3636 727 3718 quasi
742 3637 849 3714 patria,
865 3639 940 3701 unde
957 3639 987 3698 in
1002 3639 1068 3702 alias
1081 3653 1188 3717 terrm,

120 3749 253 3819 tanquam
265 3758 281 3797 e
293 3737 377 3798 natali
392 3739 423 3798 in
435 3737 616 3822 peregrinum
627 3737 721 3799 solum
734 3736 847 3799 abducti
859 3738 948 3800 suere.
959 3741 1023 3802 Eta
1034 3743 1191 3805 lllontelal-

122 3836 210 3898 conio
222 3834 337 3918 quidem
357 3834 389 3895 iu
407 3834 576 3899 bibliotheca
591 3836 645 3897 MS
665 3849 736 3897 tom.
758 3839 790 3912 l,
812 3860 841 3915 p.
858 3837 899 3914 l„
916 3840 992 3903 inter
1005 3839 1192 3910 bibliothecae

123 3934 266 3999 Vatieonae
277 3936 389 3999 codices
403 3936 612 4017 memorantur:

163 4038 202 4097 N.
226 4036 314 4123 1609.
335 4036 441 4098 Tibulli
457 4037 544 4099 codex
560 4037 692 4120 antiquus
707 4037 736 4098 in
748 4040 917 4102 membrana.
