2580 5002
286 604 592 715 TESTIMONIA
616 648 678 712 ET
704 648 913 713 JUDICIA.

223 784 343 856 Denique
357 781 389 836 ‘sb
402 783 503 836 incauto
516 776 625 835 nimium
637 779 700 855 petit
712 780 756 833 ille
767 778 873 847 merito,

259 875 292 927 Se
306 893 407 946 quoque
420 873 456 927 uti
467 885 563 941 servet,
578 884 665 943 peccet
676 884 705 924 ut
716 870 760 925 ille
771 870 864 925 minus.

229 966 283 1019 Scit
294 964 337 1018 cui
348 964 466 1031 intretur,
480 983 558 1034 quum
570 963 636 1018 solue
648 961 795 1017 obambulet
806 962 873 1035 ipse,
991 976 994 981 ’

259 1055 312 1108 Cur
324 1055 395 1108 toties
410 1054 505 1109 clausas
517 1069 626 1109 exscreet
639 1068 696 1109 ante
709 1055 784 1106 lores.

226 1147 358 1218 Multaque
371 1147 413 1199 dat
424 1145 481 1201 telis
491 1147 550 1199 turri
561 1159 700 1220 praeceptn,
715 1146 838 1217 docetque

262 1238 320 1308 Qun
333 1252 417 1313 nuptm
426 1239 523 1311 possint
533 1238 619 1292 fallere
632 1239 665 1292 sb
677 1251 730 1291 erte
742 1237 818 1290 viros.

226 1330 281 1383 Nec
294 1331 343 1384 fuit
354 1329 403 1384 boc
414 1329 454 1383 illi
464 1331 564 1395 freudi3
576 1330 718 1403 legiturque
729 1329 860 1397 Tibullus,

260 1416 294 1468 Et
306 1416 387 1490 plicet
398 1435 405 1469 t
418 1429 442 1468 et
452 1417 504 1489 jem
517 1429 542 1470 te
555 1416 669 1491 principe
681 1429 758 1471 notus
771 1428 830 1469 eret.

402 1561 501 1635 Idem,
520 1561 609 1622 Tn'st.
622 1562 677 1634 IV,
690 1578 732 1635 x,
746 1559 797 1622 51.

228 1691 366 1763 Virgilium
379 1692 434 1745 vidi
446 1705 561 1746 tentum:
574 1713 622 1746 nec
634 1712 709 1746 uvare
721 1691 824 1745 Tibullo

258 1782 368 1857 Tempus
381 1784 497 1838 amicitie
510 1785 560 1837 lata
574 1785 664 1837 dedere
677 1803 748 1839 mee.

226 1873 358 1928 Successor
370 1875 419 1927 luit
430 1873 472 1928 bie
484 1874 547 1942 tibi,
560 1873 651 1940 Galle3
665 1874 810 1948 Propertius
823 1870 872 1927 illi:

264 1965 374 2033 Quartus
385 1964 416 2018 sb
428 1963 467 2018 bis
480 1965 544 2019 serie
555 1966 673 2039 temporis
686 1966 739 2040 ipse
749 1964 796 2018 fui.

330 2107 428 2182 Idem,
447 2108 533 2186 ibid,
555 2108 618 2171 Lib.
635 2110 679 2186 V,
697 2128 729 2208 1,
750 2107 859 2173 15-18·

230 2237 340 2291 Delicias
352 2239 373 2291 si
386 2240 456 2311 quis,
470 2240 614 2310 lascivaque
628 2241 740 2293 earmina
752 2240 855 2310 querit,
963 2250 966 2255 '

257 2331 420 2397 Proemoneo,
434 2351 568 2401 nunqnsrn
580 2335 672 2402 scripte
684 2333 754 2401 quod
765 2332 811 2384 iste
820 2330 897 2402 leget.

230 2421 321 2494 Aptior
333 2420 394 2474 bnic
406 2419 508 2484 Gallus,
519 2419 658 2490 blandique
670 2420 815 2492 Propertius
827 2421 894 2488 oris,

263 2511 371 2585 Aptior,
386 2511 521 2584 ingenium
535 2530 622 2577 come,
637 2508 753 2564 Tibullus
769 2509 822 2563 erit.

148 2653 183 2715 C.
198 2654 363 2715 Venimus
376 2653 607 2728 Pernncunus,
624 2653 703 2714 Hier.
718 2650 780 2712 Lis
793 2653 841 2728 11,
860 2675 922 2736 cap.
939 2670 1049 2717 xxxvi.

105 2787 194 2850 Paene
206 2787 294 2848 stulta
308 2799 352 2849 est
362 2787 565 2849 inhaerentium
577 2786 668 2848 oculis
684 2785 868 2871 ingeniorum
880 2788 1056 2850 enumeratio
1068 2812 1076 2849 ε
1090 2790 1138 2852 in-

62 2910 110 2956 ter
125 2918 191 2977 quae
204 2896 323 2957 maxime
337 2896 431 2957 nostri
444 2895 499 2959 aeri
513 2894 655 2970 eminent,
668 2894 800 2978 princeps
814 2894 969 2957 carminum
979 2897 1137 2980 Virgilius,

63 3001 278 3086 Rabiriusqne,
305 3014 334 3065 et
356 3013 530 3065 consecutus
553 3002 719 3064 Sallustium
736 3004 860 3080 Livius,
890 3003 1079 3088 Tibullusque
1109 3018 1138 3069 et

64 3114 161 3187 Naso,
179 3108 376 3194 perfectissimi
388 3109 421 3170 in
434 3108 527 3171 forms
543 3109 638 3188 operis
652 3110 708 3174 sui.

128 3273 171 3332 Μ.
185 3273 301 3332 Fenus
320 3272 580 3346 Qnrnrumnns,
597 3271 695 3331 Iussit.
711 3271 811 3346 orae,
829 3270 891 3332 Lib.
906 3273 953 3341 X,
971 3295 1036 3355 cap.
1056 3290 1077 3333 1.

108 3404 208 3489 Elegia
228 3406 349 3467 Grsrcos
371 3424 488 3486 quoque
511 3423 718 3484 provocamus,
739 3406 820 3488 cujus
841 3404 913 3465 mibi
935 3417 1027 3466 tersus
1052 3418 1136 3487 etque

63 3513 181 3597 elegans
194 3513 313 3575 maxime
325 3510 439 3574 videtur
453 3522 553 3573 auctor
569 3509 712 3573 Tibullus.

220 3670 255 3733 P.
269 3670 425 3731 Pirrnrns
439 3668 593 3744 Srsrrus,
608 3668 670 3728 Πὸ.
685 3671 718 3743 1,
733 3669 800 3730 Silo.
814 3684 854 3742 ιι,
872 3692 900 3732 v.
915 3666 983 3730 252.

262 3837 303 3851 .....
311 3799 388 3851 Hunc
400 3798 467 3872 ipse,
480 3796 557 3851 choro
571 3795 719 3865 plaudente,
733 3793 845 3848 Philetas

232 3891 451 3963 cellimecbusque
465 3911 556 3957 senex,
569 3888 716 3959 Umbroque
727 3888 872 3963 Propertius
885 3892 957 3943 antro

230 3984 376 4039 Ambissent
389 3984 492 4059 laudere
504 3983 587 4045 diem
598 4001 647 4034 nec
660 3981 736 4035 tristis
749 3982 778 4034 iu
792 3981 852 4057 ipsis

228 4079 299 4132 Naso
313 4075 419 4142 Tomis,
434 4075 553 4144 divesque
563 4074 621 4127 loeo
634 4071 733 4127 lucente
747 4072 873 4127 Tibullus.

214 4222 255 4282 Μ.
275 4220 436 4281 versurus
456 4218 646 4294 Minurus,
666 4216 728 4278 Lib.
745 4218 808 4295 lv,
825 4220 924 4303 Epigr.
941 4237 985 4280 vr.

361 4348 450 4418 .··.Qui
461 4349 609 4420 compositos
620 4361 698 4401 metro
711 4347 822 4416 Tibulli,

328 4442 358 4495 ln
372 4437 458 4495 Stella
469 4438 555 4493 recitet
566 4438 642 4491 domo
654 4438 761 4492 libellos.
