2580 5002
170 673 246 758 xlviij
551 672 610 731 11
642 671 841 732 1111111

170 806 279 867 dianam
300 805 499 885 pertinentem.
523 805 613 881 Quod
634 804 800 867 confirmare
823 803 905 865 etiam
928 827 1045 883 possum
1066 819 1241 890 argumento

170 906 318 985 probabili.
340 909 414 967 Nam
423 905 620 981 Marklandus,
636 905 751 966 criticus
769 903 1025 987 cantabrigiensis,
1043 905 1078 965 ad
1092 907 1241 986 Propertii

173 1007 233 1081 IV,
253 1025 281 1079 1,
299 1027 346 1090 79.

335 1138 377 1189 Me
390 1150 457 1191 creat
463 1137 581 1208 Arebytae
594 1135 691 1189 soboles
704 1135 861 1206 Babylonius
869 1135 973 1188 Herus:

172 1256 216 1314 lta
231 1253 329 1316 scribit
342 1256 416 1334 aputl
432 1257 648 1318 Burmannum:
670 1283 684 1309 «
696 1255 755 1316 Diu
765 1267 808 1316 est
823 1254 901 1336 quod
914 1255 972 1316 vidi
987 1254 1139 1339 legendum
1154 1276 1239 1327 esse,

172 1355 290 1427 Horon,
317 1377 351 1415 ex
376 1377 469 1418 sensu.
497 1358 589 1417 Herus
611 1355 778 1439 babylonius
795 1355 899 1417 creavit
921 1378 966 1416 me
983 1356 1100 1428 Horon,
1127 1355 1158 1415 id
1175 1368 1239 1427 est,

162 1454 260 1534 filliam
277 1480 374 1530 suum,
397 1469 426 1519 et
443 1458 569 1539 ejusdem
585 1457 710 1519 nominis
725 1481 733 1530 3
762 1481 825 1518 sum
841 1458 935 1519 Herus
956 1458 992 1516 ab
1011 1459 1106 1529 Horu,
1127 1459 1241 1520 confir-

171 1569 229 1617 mat
243 1558 332 1620 codex
345 1558 499 1633 d'Orvilli,
518 1573 547 1621 rt
563 1561 652 1643 prima
666 1559 711 1620 ed.
727 1581 772 1619 an.
792 1557 878 1636 1471.
893 1587 906 1613 n
921 1561 1032 1619 Rursus
1048 1581 1110 1620 non
1126 1558 1240 1620 intelli-

173 1657 263 1739 genda
280 1671 324 1718 est
338 1660 447 1719 Veneta
468 1659 599 1743 princeps
615 1681 659 1719 an.
679 1656 766 1742 1171.
788 1662 860 1722 llaee
874 1660 951 1720 enim
967 1658 1050 1720 babet
1070 1661 1172 1743 Orops.
1199 1659 1242 1720 At

172 1757 355 1841 intelligenda
369 1771 413 1822 est
430 1760 518 1822 editio
532 1760 697 1842 Propertii,
714 1781 759 1820 an.
784 1760 880 1844 1471,
899 1760 933 1820 tle
949 1783 1003 1841 qua
1017 1782 1107 1841 quum
1122 1759 1240 1821 maxime

172 1856 303 1940 agimus,
325 1859 370 1921 cui
384 1860 415 1919 in
432 1860 565 1938 exemplis
582 1859 798 1922 Autliffrediano
817 1872 846 1919 et
863 1858 1015 1920 Parisiensi
1032 1858 1183 1940 adjunctus
1199 1872 1241 1921 est

174 1956 315 2020 Tibullus.
337 1962 409 2022 Haee
429 1960 505 2022 enim
529 1960 612 2022 babet
627 1961 735 2021 Horon.
754 1962 835 2043 Ergo
856 1958 1046 2045 Cantabrigiae
1061 1962 1240 2041 exemplum,

175 2059 254 2138 quod
269 2061 441 2140 querimus,
457 2074 563 2122 exstare
576 2062 707 2134 videtur,
722 2062 820 2122 sinon
836 2061 978 2144 integrum
995 2059 1119 2133 Catulli,
1133 2060 1241 2122 Tibulli

174 2169 204 2218 ει
229 2161 393 2237 Propertii,
422 2173 451 2221 at
476 2174 568 2223 tamen
596 2161 701 2223 Catulli
723 2174 753 2222 et
776 2162 942 2244 Propertii,
971 2184 1093 2243 quorum
1120 2160 1240 2222 alterum

174 2260 344 2335 comparavit
363 2260 509 2335 Malleius,
529 2263 648 2323 alterum
668 2261 855 2323 Marlbndus.
882 2262 946 2323 Nisi
966 2262 1041 2324 torte
1060 2261 1240 2322 blarklandus

173 2358 354 2439 Propertium
372 2361 457 2442 hujus
473 2364 537 2420 anni
552 2362 665 2422 aliunde
677 2375 823 2442 acceptum
835 2362 939 2422 babuit.
952 2362 1038 2422 Certe
1054 2363 1137 2422 etiam
1155 2363 1185 2422 in
1199 2360 1241 2421 bi·

172 2455 315 2520 bliotheca
326 2459 489 2522 Askewiana
501 2463 611 2538 (Lond.
629 2462 740 2544 1775),
754 2461 901 2521 laudantur
913 2485 920 2520 :
933 2461 1042 2522 Tibulli
1054 2474 1083 2521 et
1096 2463 1240 2545 Propertii

174 2559 290 2640 Opera,
312 2557 407 2643 1471,
423 2559 523 2634 iri-4⁰,
542 2561 619 2642 quod
639 2561 778 2638 exemplar
791 2562 955 2622 translatum
972 2574 1015 2622 est
1035 2574 1240 2639 postmortem

174 2655 298 2720 Antonii
315 2659 436 2720 Askewii
451 2663 480 2721 in
495 2659 700 2722 Bibliotheoa'm
717 2661 820 2721 Museii
834 2662 1000 2722 Britannici.
1017 2663 1073 2724 Sed
1091 2662 1125 2723 de
1143 2663 1195 2723 bac
1211 2684 1241 2724 re

175 2756 300 2817 viderint
316 2759 460 2842 Philologi
482 2759 737 2843 cantabrigienses.
760 2760 867 2821 Habuit
884 2763 1029 2824 Catullum
1046 2762 1107 2823 sine
1128 2761 1198 2824 loco
1215 2778 1259 2826 ει·

178 2879 253 2918 anno
268 2859 541 2939 ,llartyni-Laguna
562 2859 612 2933 (A.
627 2862 685 2920 Lz.
702 2883 746 2921 an.
766 2883 861 2947 1790,
879 2886 907 2945 p.
925 2861 1019 2941 650),
1042 2864 1092 2924 sed
1109 2866 1243 2948 majoris,

178 2977 237 3018 non
255 2959 374 3020 minoris
390 2960 508 3034 ionnae,
525 2960 644 3023 fortasse
658 2963 857 3040 Parmensem,
875 2986 919 3024 an.
940 2961 1025 3046 1473.

397 3145 457 3217 lv.
485 3140 593 3218 Edon
609 3174 663 3219 an.
688 3148 915 3245 1117111110.
934 3155 1008 3242 maj.

220 3275 282 3337 Val.
300 3277 404 3339 Catulli
420 3281 594 3345 Veronensis
618 3284 714 3345 Poetae
738 3284 784 3346 Cl.
800 3284 864 3345 Lib.
884 3283 961 3344 Albii
984 3282 1102 3347 Tibulli.
1121 3307 1167 3367 eq.
1184 3285 1243 3348 lto.

180 3379 277 3441 Poette
294 3382 339 3443 Cl.
357 3382 437 3443 Libri
454 3384 532 3466 (tv).
551 3388 691 3465 Propertii
707 3389 810 3450 Umbri
826 3389 938 3450 Meuani
953 3386 1146 3472 elegiographi
1163 3388 1245 3449 Libri

178 3480 260 3557 (lV).
276 3484 309 3544 P.
325 3483 436 3566 Papinii
451 3486 533 3548 Statii
547 3488 659 3549 Surculi
676 3488 822 3572 Syluarum
838 3488 918 3550 Libri
936 3490 998 3567 (V).

222 3584 255 3643 ln
272 3595 394 3646 extrema
408 3587 508 3670 pagina
524 3602 635 3670 poetae,
661 3591 708 3672 qui
727 3590 782 3651 boe
796 3589 942 3651 volumine
964 3588 1171 3669 eontinentur,
1197 3590 1245 3651 di-

179 3703 261 3743 verso
278 3684 379 3746 ordine
394 3700 577 3750 recensentur
595 3712 602 3748 :

341 3819 450 3879 Tabula
466 3821 596 3883 librorum
608 3824 658 3902 qui
671 3825 780 3882 suntin
795 3823 922 3903 presenti
935 3821 1085 3880 uolumine.

279 3938 381 4000 Albius
396 3941 526 4002 Tibullus
541 3942 646 4024 elegiae
661 3942 793 4023 Scriptor
810 3941 944 4018 optimus.

277 4037 411 4101 Aurelius
427 4041 592 4125 Propertius
608 4044 750 4104 Beuanus.

283 4139 433 4201 Clarissimi
450 4155 534 4219 poete
549 4141 655 4203 Catulli
669 4140 824 4203 Veronesis
837 4141 994 4227 Epigraura.

280 4239 351 4301 Pub.
367 4241 509 4319 Papinius.
526 4242 631 4304 Statius
647 4242 808 4325 Syluarum.

463 4341 752 4405 nccccnxxn.

219 4467 291 4528 ttaee
304 4466 380 4527 enim
395 4478 437 4526 εει
453 4465 541 4527 editio
557 4467 624 4544 illa,
643 4471 724 4553 eujus
739 4468 871 4544 collatio,
886 4468 999 4531 Parisiis
1015 4470 1107 4545 facta,
1125 4472 1247 4537 debetur

177 4565 322 4642 Eardibo,
340 4567 403 4631 viro
419 4566 618 4632 eruditissimo.
637 4568 763 4632 Conbrsa
779 4580 823 4634 est
836 4569 870 4634 ab
887 4570 1002 4656 Heynio
1017 4594 1083 4636 eum
1100 4570 1156 4649 iis,
1174 4596 1246 4660 quar
