2580 5002
50 39 1244 296 ῳ

279 655 597 724 ELEGIARUM
621 658 719 726 LIB.
744 660 773 726 1.
803 660 949 728 ELEG.
977 663 1006 728 1.
1154 664 1173 727 5

158 794 223 889 Seu
240 813 334 870 vetus
351 797 386 869 in
405 797 502 872 trivio
517 798 616 872 llorea
634 817 721 874 serta
736 798 844 902 lapis:
912 823 913 827 ’

106 919 153 992 Et
173 920 394 1020 quodcunque
411 921 494 994 mibi
511 950 646 1023 pomum
666 953 772 998 novus
789 925 905 999 educat
921 954 1047 1013 annus,

158 1042 314 1115 Libatum
330 1042 482 1138 agricolae
498 1046 637 1145 ponitur
652 1065 726 1121 ante
746 1046 808 1120 deo
822 1079 830 1134 ;

107 1160 206 1238 Flava
226 1167 344 1254 Ceres,
367 1167 428 1239 tibi
446 1166 490 1240 sit
507 1185 622 1241 nostro
641 1169 680 1243 de
695 1198 771 1242 rure
788 1199 909 1244 corona
1144 1192 1173 1244 15

157 1286 291 1389 Spicea,
311 1317 383 1389 quae
400 1288 514 1390 templi
531 1291 672 1390 pendeat
689 1310 765 1366 aute
782 1292 890 1379 sores;

106 1408 327 1512 Pomosisque
346 1411 446 1485 ruber
462 1431 575 1489 eustos
593 1431 738 1516 ponatur
755 1415 790 1487 in
805 1415 930 1502 hortis,

105 1608 216 1677 dqfxus,
231 1627 289 1678 quas
300 1609 471 1664 Brouekbusii
483 1611 616 1680 explicatio

107 1696 164 1751 est,
177 1684 222 1738 sed
236 1688 263 1740 in
277 1688 333 1741 loco
345 1687 448 1742 deserto
462 1688 488 1742 h.
499 1708 521 1741 e.
536 1688 616 1741 intre-

106 1774 206 1832 quente
214 1767 324 1834 positum
335 1768 455 1837 Propert.
465 1768 477 1821 1
486 1807 494 1833 ,
504 1786 554 1834 xx,
567 1768 614 1821 36:

106 1841 248 1896 «Roscida
263 1847 367 1896 desertis
380 1864 458 1914 poma
472 1845 520 1898 sub
540 1846 615 1898 arbo·

105 1919 188 1975 ribus.
205 1943 219 1969 s
236 1922 378 1990 Moschus,
397 1926 457 1990 lll,
478 1944 544 1979 vers.
564 1944 614 1977 ar:

107 2003 157 2054 ota
176 1999 208 2055 ἴτ’
223 2004 360 2075 iptpet'escs
376 2006 417 2056 des*
435 2009 513 2077 dpusls
537 2008 616 2070 ἥμενος

108 2082 170 2150 atne
184 2080 313 2135 Hoscrm

143 2179 181 2211 aa.
190 2159 281 2214 Florea
289 2171 364 2214 serta.
379 2159 472 2216 Codex
483 2160 564 2215 Paris.
575 2179 620 2213 ex-

106 2235 181 2290 bibet
187 2236 299 2303 florida:
314 2240 445 2293 Brouckb.
454 2239 530 2293 docet
536 2249 619 2311 storea

107 2314 159 2369 dici
172 2335 229 2384 quae
240 2337 271 2371 ex
283 2318 390 2373 lloribus
405 2319 473 2372 liunt
490 2329 536 2373 aut
547 2337 618 2372 con-

107 2404 234 2447 texuntur
246 2415 252 2447 a
264 2396 399 2464 infloruit?
412 2407 500 2449 autem
516 2395 619 2448 videtur

107 2492 162 2526 esse
174 2475 307 2529 translatio
320 2475 439 2545 quaedam
455 2475 620 2544 (1111111111-

108 2548 218 2605 ditatem
233 2551 361 2621 significet
375 2590 382 2616 ,
398 2562 425 2604 et
441 2548 620 2620 pulchritudi-

108 2647 173 2683 nem
181 2639 259 2698 atque
267 2629 453 2682 amabilitatem
463 2650 470 2691 ;
479 2626 557 2695 idque
567 2643 621 2677 ma·

108 2724 161 2774 gna
172 2706 354 2775 exemplorum
365 2706 439 2773 copia
449 2704 620 2758 demonstrat.

145 2782 182 2836 13.
195 2783 300 2837 Novum
313 2784 374 2836 anni
388 2794 507 2851 tempus,
522 2802 556 2835 so.
566 2781 620 2833 sive

109 2860 260 2914 autumnale
269 2863 322 2917 sive
330 2858 535 2929 aestivum,quod
542 2877 621 2928 poma

109 2939 242 2992 nascentia
262 2940 388 3008 temperie
402 2958 448 2992 sua
460 2937 539 2990 fovet.
562 2937 621 2989 ttoe

109 3015 184 3068 enim
197 3026 236 3068 eat
245 3020 337 3069 educat
347 3014 388 3069 vel
401 3014 552 3105 sivliciter
563 3032 621 3082 pro·

108 3092 171 3160 sert,
183 3094 274 3165 giguit,
284 3095 346 3147 utin
356 3093 468 3157 lusibus,
482 3092 511 3143 31
524 3110 530 3143 :
545 3112 558 3136 «ι
567 3091 621 3144 Be-

111 3183 182 3227 tasre
196 3184 306 3242 quantas
327 3173 419 3227 hortus
440 3174 534 3227 educat
559 3171 622 3224 nul-

665 1632 759 1665 mnum
771 1611 929 1681 intelligunt,
940 1610 1173 1680 Baeb.Silvanum,

665 1709 744 1759 quem
755 1689 834 1743 etiam
845 1689 957 1743 hocloco
965 1691 990 1742 J.
999 1691 1034 1743 11.
1043 1690 1117 1743 Voss.
1129 1712 1176 1745 ve-

664 1781 773 1822 neratur
783 1791 789 1833 ;
800 1768 845 1822 sed
858 1768 981 1838 Vulpius,
993 1769 1067 1838 cujus
1076 1769 1104 1823 in
1114 1790 1174 1824 sen·

665 1848 775 1901 tentiam
784 1849 902 1901 eundum
910 1848 1058 1903 censuimus
1067 1889 1074 1915 ,
1085 1869 1174 1917 quem·

664 1945 767 1994 cunque
788 1924 951 1995 agricultura}
974 1924 1110 1995 praesidem
1134 1925 1176 1980 bic

667 2001 812 2071 designari,
825 2002 960 2056 existimat.

703 2083 740 2133 15.
750 2080 884 2134 Videntur
895 2093 921 2135 et
935 2080 977 2133 alii
991 2081 1027 2133 dii
1035 2081 1175 2135 tutationis

666 2156 789 2224 presides
805 2176 914 2211 coronas
931 2157 1027 2226 spieoas
1048 2169 1176 2228 gestasse;

667 2247 755 2304 aperte
770 2237 819 2290 boc
833 2247 941 2290 testatur
955 2233 1045 2291 noster
1060 2249 1135 2306 poeta
1148 2237 1176 2290 in

667 2313 721 2367 line
733 2315 812 2382 buius
829 2315 903 2382 libri,
922 2316 961 2369 El.
976 2333 1011 2382 x,
1025 2336 1060 2369 vs.
1073 2338 1111 2368 aa.
1125 2315 1177 2370 Hic

667 2411 721 2444 non
735 2393 819 2460 agitur
827 2394 859 2444 de
872 2413 967 2446 corona
976 2414 1033 2462 quau
1045 2394 1129 2448 crines
1139 2415 1179 2447 re·

668 2469 797 2534 dimanet,
810 2471 928 2539 sequitur
940 2473 1011 2525 enim
1025 2473 1112 2527 statim
1125 2494 1178 2541 qeae

667 2551 1020 2615 templt'pendeatantesores.
1031 2551 1177 2604 usonem.
1227 2611 1232 2623 ⁸

668 2621 805 2674 —Eodem
811 2642 889 2676 sensu
897 2625 1016 2693 Propert
1024 2626 1074 2693 tv,
1082 2644 1108 2679 111
1117 2667 1124 2693 ,
1134 2647 1177 2699 ²9²

669 2721 682 2746 s
697 2698 846 2768 Omnibus,
870 2703 922 2756 heu
935 2703 942 2755 l
966 2706 1047 2775 portis
1061 2707 1180 2775 pendent

668 2799 728 2833 mea
741 2782 818 2834 noxia
826 2795 893 2837 vota.
909 2807 922 2830 »
942 2784 993 2838 Hic
1013 2796 1100 2838 autem
1113 2797 1179 2840 tem·

668 2856 703 2926 pli
716 2857 885 2926 appellatione
896 2872 972 2929 poeta
982 2862 1105 2916 sacellum
1114 2864 1179 2917 desi·

669 2946 747 3005 goat,
759 2945 788 2988 ut
800 2935 828 2990 in
840 2937 931 3008 Elegia
939 2956 971 3005 x,
986 2960 1051 2993 vers.
1065 2959 1097 2993 ao
1108 2943 1182 2995 :Sla-

668 3019 713 3067 tat
720 3020 748 3068 ab
758 3020 852 3083 αἱμα
859 3020 956 3083 lignem
967 3021 1019 3071 aede
1029 3023 1099 3072 deus.

706 3115 743 3164 ¹7·
757 3097 843 3146 Iluber
853 3093 947 3153 dieitur
956 3095 1019 3164 'quio
1035 3097 1117 3150 minio
1134 3096 1181 3166 pi·-

669 3184 742 3233 ctus;
759 3185 852 3227 notum
870 3195 900 3227 er
919 3174 1022 3228 lusibus.
1040 3177 1132 3231 lirun.
1148 3204 1181 3217 -

110 3250 159 3304 lus.
171 3272 185 3296 n
203 3253 313 3306 Annum
333 3254 460 3307 vocabant
476 3254 622 3323 quamlibet
671 3252 814 3305 Lambinus
823 3254 1073 3324 donaturlegebatin
1087 3257 1181 3311 Horat.

112 3330 176 3382 anni
190 3341 308 3400 partem,
332 3331 421 3386 addito
440 3332 556 3400 epitheto
576 3330 622 3383 di·
670 3330 713 3384 lib.
726 3332 754 3398 1,
768 3333 929 3405 Satyr.v111‚
944 3336 1048 3398 vers.3,
1063 3346 1089 3387 et
1099 3336 1180 3389 Lucas

111 3407 248 3461 scretionis
260 3409 348 3478 gratia.
364 3409 456 3462 Hm.
672 3429 776 3480 quoque
785 3412 808 3464 F
809 3411 935 3477 raterius,
950 3412 1030 3480 Epist.
1044 3416 1075 3478 5,
1091 3414 1181 3467 adsen-

157 3485 195 3550 14.
217 3483 308 3539 Codex
327 3485 408 3541 Paris.
426 3504 488 3538 cum
504 3483 622 3540 editione
670 3490 753 3544 tiente
766 3489 933 3559 Livinejo.—
944 3490 997 3545 Sed
1010 3498 1076 3557 poni
1086 3492 1182 3546 dicitur

113 3581 177 3616 11111.
188 3566 249 3633 ¹47²
256 3577 283 3621 et
288 3566 341 3622 aliis
352 3566 482 3622 codicibus
492 3567 575 3632 MSS,
583 3586 623 3620 ex·
672 3570 782 3638 Priapus
790 3572 870 3625 verbo
881 3569 987 3638 proprio
996 3608 1003 3634 ,
1013 3569 1083 3636 quod
1091 3571 1182 3625 sedem

112 3644 188 3699 bibet
204 3650 356 3702 sotadeum.
372 3649 494 3701 llluretus
512 3645 625 3700 correxit
672 3658 746 3701 notat
762 3659 859 3702 certam
875 3666 904 3700 ac
920 3644 1055 3712 stabilem,
1075 3647 1120 3699 ubi
1140 3647 1182 3701 ille

109 3727 217 3792 posim
226 3736 286 3779 ante
300 3729 353 3779 deo.
371 3729 462 3782 luerat
472 3723 553 3780 codici
573 3724 624 3776 Co·
673 3723 777 3793 perdius
785 3735 812 3776 et
821 3742 919 3791 pernox
930 3721 1047 3774 excubias
1055 3733 1112 3791 agat
1121 3744 1183 3778 ron·

112 3799 171 3855 lotii
185 3806 334 3868 affl'colaen.
343 3808 451 3862 ..deam
468 3804 538 3872 quod
547 3802 574 3854 in
584 3820 626 3853 ex·
672 3803 801 3867 erasures,
814 3812 867 3854 tam
878 3800 993 3853 volantes
1006 3805 1182 3869 quamambu·

113 3891 211 3950 cerpus
224 3881 355 3935 Antonini
368 3881 462 3937 Pocohi
481 3883 624 3952 legebatur.
673 3879 763 3933 lantes.
772 3878 816 3933 sic
827 3879 878 3947 ipse
888 3878 920 3931 de
931 3899 958 3932 se
967 3878 1101 3947 praedicat:
1111 3904 1124 3927 «ι
1134 3883 1183 3935 Ρ1-

114 3955 169 4010 Alii
182 3964 333 4026 agrrbolas...
345 3965 405 4013 deos
416 3960 583 4026 maluerunt,
597 3959 624 4011 iu
673 3978 734 4012 rum
747 3969 785 4012 est
800 3958 918 4012 Misellos
934 3958 1033 4011 fixerim
1055 3959 1125 4029 quod
1142 3961 1185 4014 bie

115 4038 212 4108 quibus
224 4039 625 4106 Bartbius,etJoanu.Pricaeus
673 4039 781 4103 sedem,
800 4039 904 4106 rigente
917 4048 985 4092 terra
1006 4060 1053 4109 per
1072 4042 1183 4094 canicu-

115 4116 161 4186 qui
173 4127 200 4171 et
211 4117 366 4188 interpretes
379 4121 427 4174 boc
438 4139 492 4172 nou
505 4118 626 4173 advertis·
674 4117 726 4171 lam
750 4117 845 4182 rimas,
867 4116 1030 4170 Siticulosam
1051 4117 1182 4172 sustinens

116 4215 143 4250 se
160 4195 320 4265 indignatur.
332 4197 627 4252 lluoumm-Absolu-
675 4195 717 4248 die
739 4205 875 4256 estatem
904 4195 1004 4249 Parum
1024 4195 1094 4263 quod
1118 4193 1185 4246 imos

116 4283 143 4327 te
160 4272 196 4327 ita
212 4273 312 4330 dietum
330 4275 410 4329 doum
430 4274 567 4345 agricolam
585 4274 627 4329 vix
676 4274 802 4345 perluunt
819 4275 892 4328 sinus
910 4275 1022 4340 imbres,
1039 4274 1071 4326 Et
1090 4274 1117 4325 in
1136 4293 1186 4326 ca-

117 4349 260 4404 aliumesse
270 4362 343 4420 putat
353 4354 443 4424 Heyu.
453 4370 531 4420 quam
546 4351 627 4406 Pria·
675 4354 748 4422 pillos
756 4352 896 4423 grandines
904 4351 1125 4415 caduntnostros,
1138 4350 1188 4403 Ri-

117 4447 184 4499 pum
193 4450 201 4498 3
211 4431 343 4488 Broucltb
352 4443 378 4488 et
388 4429 515 4489 Heinsius
521 4432 627 4488 Vertu-
677 4441 773 4502 getque
783 4430 850 4486 dura
863 4430 943 4486 barba
955 4431 1041 4485 vineta
1051 4427 1187 4499 crystallo,
