2580 5002
82 601 165 684 ms,
474 599 533 658 nn
559 597 753 658 rrnunnr

79 736 158 799 notis
169 757 176 793 :
189 732 239 794 sed
248 752 302 792 uec
312 730 381 791 inde
393 751 444 790 uec
456 731 575 791 omnino
590 730 625 791 de
637 750 691 790 sno
703 728 824 788 multum
836 726 871 787 ad
879 726 1026 788 Tibullum
1037 748 1148 791 ornau-

79 836 149 898 dnm
164 833 195 893 in
210 829 335 893 medium
350 828 454 890 attulit
468 856 483 882 »

120 958 136 987 α
146 932 242 993 Juuus
256 927 438 998 Getnardu,
452 948 541 1007 quum
548 925 801 987 animadversiones
810 945 872 986 suas
883 925 1085 1000 concinnaret,
1096 948 1149 987 sex

77 1032 190 1097 codices
201 1029 361 1102 Palatinos,
377 1049 441 1087 eum
455 1027 595 1104 excerptis
606 1048 622 1085 e
634 1026 801 1087 membranis
814 1026 848 1086 ab
861 1026 942 1086 Hier.
958 1026 1149 1088 Commeliuo

77 1130 277 1217 suppeditatis,
295 1138 495 1204 usurpaverat:
515 1126 565 1187 aed
581 1148 633 1187 nec
649 1125 792 1210 diligentia
813 1125 878 1186 satis
895 1147 1008 1208 magua,
1024 1146 1079 1186 nec
1096 1148 1149 1186 sa-

78 1231 198 1317 gacitate
214 1241 244 1292 et
259 1227 377 1312 ingenio
392 1247 424 1286 ea
439 1225 470 1285 in
484 1247 515 1286 re
531 1237 671 1287 versatum
685 1246 749 1284 eum
765 1247 826 1286 esse
842 1224 994 1285 dicendum
1010 1236 1062 1284 est.
1075 1254 1092 1279 a

122 1330 196 1391 Nar
204 1330 324 1402 doctus,
337 1327 386 1409 qni
399 1324 654 1404 Centobrigiensem
664 1324 988 1397 editionemadornavit,
999 1325 1150 1386 unoLau-

77 1430 173 1504 densi,
191 1450 281 1511 equo
298 1437 430 1503 excerpta
444 1424 529 1487 etiam
548 1424 644 1485 babuit
659 1423 873 1498 Broulbusius,
896 1423 1073 1500 Bodleiano,
1090 1448 1148 1487 va·

75 1529 213 1591 riautibus
227 1549 261 1588 ex
275 1526 382 1588 alaim
395 1536 426 1585 et
438 1523 512 1585 libro
526 1524 647 1586 Ferrarii
663 1548 748 1600 usus,
766 1524 838 1586 nibil
854 1536 947 1584 tamen
962 1524 1150 1586 memorabile

79 1650 114 1690 ex
129 1627 164 1689 iis
177 1626 284 1689 attulit.
300 1653 315 1680 n

118 1753 135 1781 a
148 1727 244 1788 Junus
252 1723 460 1797 Brutlbusriu,
474 1725 721 1819 elegantisingenii
731 1727 774 1786 vir
780 1738 810 1786 et
816 1726 969 1787 multarum
979 1725 1148 1801 literarum,

76 1827 151 1890 baud
167 1825 252 1887 dubie
268 1825 292 1886 is
307 1837 367 1898 est,
385 1825 430 1885 cui
447 1826 579 1887 Tibullus
593 1827 746 1904 plurimum
763 1827 865 1887 debet:
881 1827 980 1888 sinon
997 1828 1149 1910 interpre-

76 1930 202 2002 tatione,
224 1939 317 1989 tamen
335 1926 525 1988 subsidiorum
546 1927 712 1988 criticorum
730 1940 871 2006 apparatu.
893 1930 967 1988 Nam
989 1952 1053 2013 quae
1073 1929 1150 1990 boni

77 2029 239 2110 interpretis
254 2050 357 2089 munus
372 2026 544 2109 postularet,
560 2048 659 2109 parum
675 2027 849 2105 exploratum
867 2027 996 2090 habuisse
1010 2029 1148 2089 videtur'

76 2153 131 2213 pro
147 2150 227 2193 more
241 2127 316 2188 enim
332 2126 430 2188 saecnli
448 2126 492 2186 sni
511 2124 582 2186 nibil
597 2126 695 2200 videt,
713 2126 792 2208 quod
806 2127 1002 2189 illustrandum
1017 2131 1071 2200 sit,
1089 2152 1105 2187 r

73 2229 124 2292 ubi
139 2229 170 2291 in
185 2226 394 2311 exquisitiorem
410 2224 549 2307 loquendi
564 2225 684 2288 sormam
699 2227 830 2287 inciderit
843 2239 890 2287 ant
906 2228 1063 2290 varietatem

74 2327 162 2391 tionis
180 2325 353 2389 olleuderit:
370 2337 432 2387 tum
446 2346 515 2388 vero
526 2327 721 2405 exemplorum
738 2327 812 2388 nube
824 2327 946 2390 involvit
960 2340 989 2390 et
1006 2329 1040 2389 let

74 2439 104 2489 et
117 2437 245 2504 poetam
262 2424 327 2485 luce
340 2423 500 2495 interdum,
515 2446 598 2505 quam
609 2425 789 2507 expectabat,
804 2424 940 2485 subducta
956 2447 1015 2505 map

75 2524 164 2595 illata3
177 2524 330 2586 sententias
341 2522 476 2584 obscuras
487 2545 539 2585 nec
553 2523 674 2585 illustrat
687 2544 741 2585 uec
755 2525 816 2606 ipse
831 2524 975 2605 perspicit.
989 2526 998 2553 ⁷

76 2623 212 2706 gulorum
235 2620 440 2685 vocabulorum
461 2634 510 2683 aut
530 2623 758 2683 enuntiationum
778 2623 918 2685 cancellos
943 2624 971 2684 in

74 2722 202 2783 animum
217 2720 281 2793 ille,
299 2730 333 2781 ut
348 2719 541 2784 solebantriri
559 2720 657 2794 docti,
678 2721 816 2782 continet.
838 2723 948 2806 Scalige

77 2840 163 2892 nem,
180 2816 276 2879 studio
291 2827 321 2876 et
334 2815 518 2879 admiratione
532 2819 626 2902 magni
641 2818 694 2880 viri
705 2829 835 2901 tanquam
846 2820 929 2899 abrep

77 2918 178 3000 sequi,
195 2938 278 2998 quarn
294 2913 401 2997 judicio
423 2914 624 2998 librorumque
635 2919 801 2980 auctoritate
820 2920 863 2981 uti
882 2944 908 2980 m

75 3026 170 3075 tamen
190 3013 235 3074 vel
251 3011 292 3072 sic
309 3010 483 3094 scaligerum
506 3012 537 3073 iu
559 3016 705 3076 nonnullis
727 3017 808 3078 locis.
832 3020 893 3078 Nec

75 3112 146 3173 alins
161 3110 315 3194 majoribus
328 3110 465 3171 librorum
480 3111 569 3194 copiis
582 3113 634 3174 luit
646 3114 812 3177 instructus.
830 3120 900 3178 Nam

75 3225 237 3288 temporum
252 3211 409 3284 editiones,
422 3224 451 3273 et
461 3235 525 3295 quae
540 3236 556 3274 a
569 3214 662 3276 doctis
672 3215 756 3290 viris,
774 3216 885 3295 imprim

75 3313 184 3399 ligero,
200 3333 217 3372 e
232 3311 312 3373 libris
328 3324 423 3374 notata
435 3326 531 3388 erant,
546 3315 699 3398 diligenter
716 3316 854 3392 excussit,

75 3407 241 3473 temnendas
258 3408 352 3486 copias
375 3411 461 3473 domo
483 3434 577 3473 secum
597 3414 714 3486 attulit3·
727 3426 785 3475 tres
803 3414 847 3475 lib

75 3507 238 3588 possidebat
251 3508 409 3572 chartaceos
420 3524 449 3572 et
461 3527 590 3573 recentes
603 3527 627 3584 ’ς
644 3527 772 3591 excerpta
785 3515 827 3575 Li

76 3608 166 3670 manis
179 3630 196 3669 a
211 3610 310 3670 Donsa
328 3610 363 3670 ad
385 3612 539 3696 marginem
555 3611 690 3673 editionis
706 3614 807 3675 Plauti

77 3707 241 3768 Wittianos
257 3706 498 3781 membranaceos,
513 3732 637 3792 qnorum
650 3712 769 3775 alterum
790 3716 792 3721 ⁴

75 3817 138 3875 ως
164 3806 300 3869 variantes
321 3808 457 3869 lectiones
480 3829 514 3868 ex
536 3809 707 3873 Colbertino
729 3833 764 3873 co

78 3902 187 3965 Codice
199 3904 284 3965 lllSto
296 3925 312 3964 a
322 3905 406 3966 docta
415 3927 500 3967 mann
509 3906 539 3965 in
551 3906 685 3968 editionis
696 3908 746 3968 Bri

76 4004 213 4065 variantes
234 4003 371 4066 lectiones
388 4026 404 4065 e
421 4005 520 4068 codice
541 4007 621 4070 Gnil.
643 4008 731 4068 Laudi

67 4100 189 4176 stomin
212 4104 352 4167 variantes
373 4103 511 4169 lectiones
532 4129 547 4167 e
571 4106 648 4169 libris
669 4094 716 4171 scr

107 4340 115 4368 ¹
134 4334 203 4387 virle
218 4334 297 4402 inlra,
311 4356 335 4407 p.
347 4351 440 4408 xxxtx,
454 4338 499 4392 ubi
512 4340 542 4393 de
553 4340 636 4394 Berol.
653 4364 680 4411 a,
696 4344 704 4386 f
