<?xml version="1.0" encoding="UTF-8"?>
<!DOCTYPE html PUBLIC "-//W3C//DTD XHTML 1.0 Transitional//EN"
    "http://www.w3.org/TR/xhtml1/DTD/xhtml1-transitional.dtd">
<html xmlns="http://www.w3.org/1999/xhtml" xml:lang="en" lang="en">
 <head>
  <title>
</title>
<meta http-equiv="Content-Type" content="text/html;charset=utf-8" />
  <meta name='ocr-system' content='tesseract 3.04.00' />
  <meta name='ocr-capabilities' content='ocr_page ocr_carea ocr_par ocr_line ocrx_word'/>
</head>
<body>
  <div class='ocr_page' id='page_1' title='image "albiitibulliqua02golbgoog_0030.png"; bbox 0 0 2550 4972; ppageno 0'>
   <div class='ocr_carea' id='block_1_1' title="bbox 10 31 1260 543">
    <p class='ocr_par' dir='ltr' id='par_1_1' title="bbox 10 31 1260 543">
     <span class='ocr_line' id='line_1_1' title="bbox 10 31 1260 497; baseline -0.016 -246"><span class='ocrx_word' id='word_1_1' title='bbox 10 31 1260 497; x_wconf 54' lang='grc' dir='ltr'><strong>μ</strong></span> 
     </span>
     <span class='ocr_line' id='line_1_2' title="bbox 1180 523 1186 543; baseline 0 0"><span class='ocrx_word' id='word_1_2' title='bbox 1180 523 1186 543; x_wconf 75' lang='grc' dir='ltr'>Ι</span> 
     </span>
    </p>
   </div>
   <div class='ocr_carea' id='block_1_2' title="bbox 43 502 53 575">
    <p class='ocr_par' dir='ltr' id='par_1_2' title="bbox 43 502 53 575">
     <span class='ocr_line' id='line_1_3' title="bbox 43 502 53 575; baseline 0 0"><span class='ocrx_word' id='word_1_3' title='bbox 43 502 53 575; x_wconf 88' lang='lat' dir='ltr'>l</span> 
     </span>
    </p>
   </div>
   <div class='ocr_carea' id='block_1_3' title="bbox 268 690 1156 776">
    <p class='ocr_par' dir='ltr' id='par_1_3' title="bbox 268 690 1156 776">
     <span class='ocr_line' id='line_1_4' title="bbox 268 690 1156 776; baseline 0 -22"><span class='ocrx_word' id='word_1_4' title='bbox 268 691 533 756; x_wconf 76' lang='lat' dir='ltr'>contentus</span> <span class='ocrx_word' id='word_1_5' title='bbox 558 691 618 752; x_wconf 85' lang='lat' dir='ltr'>ET</span> <span class='ocrx_word' id='word_1_6' title='bbox 644 690 973 754; x_wconf 76' lang='lat' dir='ltr'>EDlTIONlBUS·</span> <span class='ocrx_word' id='word_1_7' title='bbox 1083 697 1156 776; x_wconf 71' lang='lat' dir='ltr'>xxvij</span> 
     </span>
    </p>
   </div>
   <div class='ocr_carea' id='block_1_4' title="bbox 10 816 1184 3900">
    <p class='ocr_par' dir='ltr' id='par_1_4' title="bbox 10 816 1184 3900">
     <span class='ocr_line' id='line_1_5' title="bbox 101 816 1156 906; baseline 0.007 -23"><span class='ocrx_word' id='word_1_8' title='bbox 101 816 153 883; x_wconf 71' lang='lat' dir='ltr'>Al</span> <span class='ocrx_word' id='word_1_9' title='bbox 164 824 256 887; x_wconf 83' lang='lat' dir='ltr'>iisdem</span> <span class='ocrx_word' id='word_1_10' title='bbox 269 824 343 885; x_wconf 89' lang='lat' dir='ltr'>odiis</span> <span class='ocrx_word' id='word_1_11' title='bbox 353 823 495 906; x_wconf 83' lang='lat' dir='ltr'>proficisci</span> <span class='ocrx_word' id='word_1_12' title='bbox 503 821 600 883; x_wconf 82' lang='lat' dir='ltr'>debuit</span> <span class='ocrx_word' id='word_1_13' title='bbox 610 822 681 897; x_wconf 82' lang='lat' dir='ltr'>lroc,</span> <span class='ocrx_word' id='word_1_14' title='bbox 693 823 793 905; x_wconf 82' lang='lat' dir='ltr'>¹quod,</span> <span class='ocrx_word' id='word_1_15' title='bbox 805 825 921 885; x_wconf 84' lang='lat' dir='ltr'>Mureto</span> <span class='ocrx_word' id='word_1_16' title='bbox 935 824 1017 901; x_wconf 86' lang='lat' dir='ltr'>plane</span> <span class='ocrx_word' id='word_1_17' title='bbox 1026 824 1156 903; x_wconf 84' lang='lat' dir='ltr'>deserto,</span> 
     </span>
     <span class='ocr_line' id='line_1_6' title="bbox 94 911 1158 1003; baseline 0.006 -20"><span class='ocrx_word' id='word_1_18' title='bbox 94 911 197 983; x_wconf 69' lang='lat' dir='ltr'>iterum</span> <span class='ocrx_word' id='word_1_19' title='bbox 211 923 245 983; x_wconf 94' lang='lat' dir='ltr'>ad</span> <span class='ocrx_word' id='word_1_20' title='bbox 260 922 395 983; x_wconf 76' lang='lat' dir='ltr'>Aldinam</span> <span class='ocrx_word' id='word_1_21' title='bbox 410 921 528 1003; x_wconf 85' lang='lat' dir='ltr'><strong>primam</strong></span> <span class='ocrx_word' id='word_1_22' title='bbox 538 941 667 982; x_wconf 86' lang='lat' dir='ltr'>reversus</span> <span class='ocrx_word' id='word_1_23' title='bbox 678 933 738 994; x_wconf 85' lang='lat' dir='ltr'>est,</span> <span class='ocrx_word' id='word_1_24' title='bbox 749 942 866 1003; x_wconf 84' lang='lat' dir='ltr'>eamque</span> <span class='ocrx_word' id='word_1_25' title='bbox 875 921 979 983; x_wconf 75' lang='lat' dir='ltr'>iterum</span> <span class='ocrx_word' id='word_1_26' title='bbox 992 944 1007 984; x_wconf 93' lang='lat' dir='ltr'>a</span> <span class='ocrx_word' id='word_1_27' title='bbox 1022 947 1052 987; x_wconf 88' lang='lat' dir='ltr'>se</span> <span class='ocrx_word' id='word_1_28' title='bbox 1064 947 1158 989; x_wconf 83' lang='lat' dir='ltr'>ernen-</span> 
     </span>
     <span class='ocr_line' id='line_1_7' title="bbox 91 1014 1158 1108; baseline 0.004 -24"><span class='ocrx_word' id='word_1_29' title='bbox 91 1014 185 1084; x_wconf 74' lang='lat' dir='ltr'>datan</span> <span class='ocrx_word' id='word_1_30' title='bbox 199 1022 294 1105; x_wconf 85' lang='lat' dir='ltr'>operis</span> <span class='ocrx_word' id='word_1_31' title='bbox 312 1020 505 1083; x_wconf 82' lang='lat' dir='ltr'>excudendum</span> <span class='ocrx_word' id='word_1_32' title='bbox 525 1019 649 1080; x_wconf 77' lang='lat' dir='ltr'>tradidit</span> <span class='ocrx_word' id='word_1_33' title='bbox 664 1022 736 1080; x_wconf 91' lang='lat' dir='ltr'>Nam</span> <span class='ocrx_word' id='word_1_34' title='bbox 757 1043 791 1082; x_wconf 86' lang='lat' dir='ltr'>ex</span> <span class='ocrx_word' id='word_1_35' title='bbox 808 1021 877 1082; x_wconf 75' lang='grc' dir='ltr'>ΑΜ.</span> <span class='ocrx_word' id='word_1_36' title='bbox 895 1044 940 1100; x_wconf 88' lang='lat' dir='ltr'>pr.</span> <span class='ocrx_word' id='word_1_37' title='bbox 954 1023 1158 1108; x_wconf 77' lang='lat' dir='ltr'>Scaligeranam</span> 
     </span>
     <span class='ocr_line' id='line_1_8' title="bbox 84 1110 1159 1202; baseline 0.014 -28"><span class='ocrx_word' id='word_1_38' title='bbox 84 1110 205 1181; x_wconf 73' lang='lat' dir='ltr'>ducum</span> <span class='ocrx_word' id='word_1_39' title='bbox 219 1140 281 1180; x_wconf 87' lang='lat' dir='ltr'>esse</span> <span class='ocrx_word' id='word_1_40' title='bbox 300 1117 411 1200; x_wconf 90' lang='lat' dir='ltr'>liquido</span> <span class='ocrx_word' id='word_1_41' title='bbox 432 1118 503 1178; x_wconf 88' lang='lat' dir='ltr'>mihi</span> <span class='ocrx_word' id='word_1_42' title='bbox 525 1139 602 1178; x_wconf 87' lang='lat' dir='ltr'>nunc</span> <span class='ocrx_word' id='word_1_43' title='bbox 623 1131 750 1191; x_wconf 81' lang='lat' dir='ltr'>constat3</span> <span class='ocrx_word' id='word_1_44' title='bbox 769 1141 828 1201; x_wconf 90' lang='lat' dir='ltr'>quo</span> <span class='ocrx_word' id='word_1_45' title='bbox 847 1120 911 1202; x_wconf 88' lang='lat' dir='ltr'>ipso</span> <span class='ocrx_word' id='word_1_46' title='bbox 927 1121 1031 1184; x_wconf 81' lang='lat' dir='ltr'>laetum</span> <span class='ocrx_word' id='word_1_47' title='bbox 1050 1138 1111 1201; x_wconf 86' lang='lat' dir='ltr'>est,</span> <span class='ocrx_word' id='word_1_48' title='bbox 1126 1140 1159 1189; x_wconf 92' lang='lat' dir='ltr'>ut</span> 
     </span>
     <span class='ocr_line' id='line_1_9' title="bbox 80 1219 1159 1304; baseline 0.007 -25"><span class='ocrx_word' id='word_1_49' title='bbox 80 1220 230 1295; x_wconf 71' lang='lat' dir='ltr'>pluuium,</span> <span class='ocrx_word' id='word_1_50' title='bbox 249 1243 316 1303; x_wconf 77' lang='lat' dir='ltr'>quos</span> <span class='ocrx_word' id='word_1_51' title='bbox 331 1221 363 1279; x_wconf 93' lang='lat' dir='ltr'>in</span> <span class='ocrx_word' id='word_1_52' title='bbox 387 1219 455 1280; x_wconf 77' lang='lat' dir='ltr'>Md.</span> <span class='ocrx_word' id='word_1_53' title='bbox 470 1240 528 1280; x_wconf 87' lang='lat' dir='ltr'>sec.</span> <span class='ocrx_word' id='word_1_54' title='bbox 548 1232 578 1280; x_wconf 90' lang='lat' dir='ltr'>et</span> <span class='ocrx_word' id='word_1_55' title='bbox 592 1240 685 1281; x_wconf 78' lang='lat' dir='ltr'>mora</span> <span class='ocrx_word' id='word_1_56' title='bbox 704 1220 820 1281; x_wconf 83' lang='lat' dir='ltr'>Mureto</span> <span class='ocrx_word' id='word_1_57' title='bbox 834 1222 948 1304; x_wconf 77' lang='lat' dir='ltr'>egregie</span> <span class='ocrx_word' id='word_1_58' title='bbox 962 1237 1042 1286; x_wconf 89' lang='lat' dir='ltr'>erant</span> <span class='ocrx_word' id='word_1_59' title='bbox 1058 1247 1159 1291; x_wconf 86' lang='lat' dir='ltr'>emen-</span> 
     </span>
     <span class='ocr_line' id='line_1_10' title="bbox 78 1315 1160 1403; baseline 0.008 -22"><span class='ocrx_word' id='word_1_60' title='bbox 78 1315 171 1396; x_wconf 75' lang='lat' dir='ltr'>data,</span> <span class='ocrx_word' id='word_1_61' title='bbox 180 1344 256 1383; x_wconf 90' lang='lat' dir='ltr'>nunc</span> <span class='ocrx_word' id='word_1_62' title='bbox 266 1321 370 1381; x_wconf 89' lang='lat' dir='ltr'>iterum</span> <span class='ocrx_word' id='word_1_63' title='bbox 377 1321 500 1403; x_wconf 89' lang='lat' dir='ltr'>antiquis</span> <span class='ocrx_word' id='word_1_64' title='bbox 509 1318 641 1381; x_wconf 83' lang='lat' dir='ltr'>sordibus</span> <span class='ocrx_word' id='word_1_65' title='bbox 650 1319 829 1401; x_wconf 86' lang='lat' dir='ltr'>coinquinata</span> <span class='ocrx_word' id='word_1_66' title='bbox 836 1320 1041 1403; x_wconf 79' lang='lat' dir='ltr'>proferrentur.</span> <span class='ocrx_word' id='word_1_67' title='bbox 1049 1328 1160 1402; x_wconf 84' lang='lat' dir='ltr'>Quum-</span> 
     </span>
     <span class='ocr_line' id='line_1_11' title="bbox 74 1418 1160 1507; baseline 0.007 -26"><span class='ocrx_word' id='word_1_68' title='bbox 74 1434 150 1498; x_wconf 78' lang='lat' dir='ltr'>que</span> <span class='ocrx_word' id='word_1_69' title='bbox 169 1421 313 1507; x_wconf 75' lang='lat' dir='ltr'>Smligero</span> <span class='ocrx_word' id='word_1_70' title='bbox 334 1442 433 1482; x_wconf 86' lang='lat' dir='ltr'>sensus</span> <span class='ocrx_word' id='word_1_71' title='bbox 451 1418 608 1482; x_wconf 86' lang='lat' dir='ltr'>Tibulliani</span> <span class='ocrx_word' id='word_1_72' title='bbox 624 1419 755 1481; x_wconf 82' lang='lat' dir='ltr'>candoris</span> <span class='ocrx_word' id='word_1_73' title='bbox 777 1442 809 1481; x_wconf 91' lang='lat' dir='ltr'>ac</span> <span class='ocrx_word' id='word_1_74' title='bbox 828 1421 1014 1499; x_wconf 75' lang='lat' dir='ltr'>simplicitatis</span> <span class='ocrx_word' id='word_1_75' title='bbox 1029 1425 1160 1501; x_wconf 81' lang='lat' dir='ltr'><strong>deesset,</strong></span> 
     </span>
     <span class='ocr_line' id='line_1_12' title="bbox 68 1515 1161 1605; baseline 0.003 -19"><span class='ocrx_word' id='word_1_76' title='bbox 68 1515 233 1586; x_wconf 64' lang='lat' dir='ltr'>*locutum</span> <span class='ocrx_word' id='word_1_77' title='bbox 252 1535 354 1584; x_wconf 83' lang='lat' dir='ltr'>eontm</span> <span class='ocrx_word' id='word_1_78' title='bbox 372 1521 520 1605; x_wconf 70' lang='lat' dir='ltr'>exquisitae</span> <span class='ocrx_word' id='word_1_79' title='bbox 542 1521 634 1603; x_wconf 77' lang='lat' dir='ltr'>copiae</span> <span class='ocrx_word' id='word_1_80' title='bbox 654 1523 797 1596; x_wconf 73' lang='lat' dir='ltr'>maximat,</span> <span class='ocrx_word' id='word_1_81' title='bbox 813 1522 901 1583; x_wconf 86' lang='lat' dir='ltr'>multa</span> <span class='ocrx_word' id='word_1_82' title='bbox 917 1522 966 1583; x_wconf 91' lang='lat' dir='ltr'>ille</span> <span class='ocrx_word' id='word_1_83' title='bbox 983 1526 1101 1589; x_wconf 89' lang='lat' dir='ltr'>mutavit</span> <span class='ocrx_word' id='word_1_84' title='bbox 1113 1542 1161 1589; x_wconf 88' lang='lat' dir='ltr'>aut</span> 
     </span>
     <span class='ocr_line' id='line_1_13' title="bbox 62 1621 1161 1706; baseline 0.005 -23"><span class='ocrx_word' id='word_1_85' title='bbox 62 1623 206 1683; x_wconf 69' lang='lat' dir='ltr'>¹*tinxit</span> <span class='ocrx_word' id='word_1_86' title='bbox 223 1624 308 1685; x_wconf 79' lang='lat' dir='ltr'>docte</span> <span class='ocrx_word' id='word_1_87' title='bbox 328 1622 464 1704; x_wconf 88' lang='lat' dir='ltr'>quidem,</span> <span class='ocrx_word' id='word_1_88' title='bbox 478 1623 544 1705; x_wconf 80' lang='lat' dir='ltr'>quis</span> <span class='ocrx_word' id='word_1_89' title='bbox 557 1623 661 1706; x_wconf 81' lang='lat' dir='ltr'>neget?</span> <span class='ocrx_word' id='word_1_90' title='bbox 675 1621 821 1683; x_wconf 88' lang='lat' dir='ltr'>interdum</span> <span class='ocrx_word' id='word_1_91' title='bbox 835 1621 918 1683; x_wconf 88' lang='lat' dir='ltr'>etiam</span> <span class='ocrx_word' id='word_1_92' title='bbox 930 1622 1095 1705; x_wconf 79' lang='lat' dir='ltr'>ingenioso,</span> <span class='ocrx_word' id='word_1_93' title='bbox 1111 1629 1161 1688; x_wconf 87' lang='lat' dir='ltr'>sed</span> 
     </span>
     <span class='ocr_line' id='line_1_14' title="bbox 61 1721 1160 1807; baseline 0.005 -25"><span class='ocrx_word' id='word_1_94' title='bbox 61 1729 101 1774; x_wconf 55' lang='grc' dir='ltr'><strong><em>ἃ</em></strong></span> <span class='ocrx_word' id='word_1_95' title='bbox 116 1721 223 1783; x_wconf 82' lang='lat' dir='ltr'>Tibulli</span> <span class='ocrx_word' id='word_1_96' title='bbox 231 1722 318 1807; x_wconf 83' lang='lat' dir='ltr'>genio</span> <span class='ocrx_word' id='word_1_97' title='bbox 326 1721 492 1783; x_wconf 85' lang='lat' dir='ltr'>abhorrenti</span> <span class='ocrx_word' id='word_1_98' title='bbox 501 1743 582 1783; x_wconf 89' lang='lat' dir='ltr'>more</span> <span class='ocrx_word' id='word_1_99' title='bbox 592 1721 746 1803; x_wconf 88' lang='lat' dir='ltr'>modoque.</span> <span class='ocrx_word' id='word_1_100' title='bbox 755 1723 853 1796; x_wconf 89' lang='lat' dir='ltr'>Quum</span> <span class='ocrx_word' id='word_1_101' title='bbox 860 1734 954 1783; x_wconf 88' lang='lat' dir='ltr'>tamen</span> <span class='ocrx_word' id='word_1_102' title='bbox 962 1724 1160 1788; x_wconf 83' lang='lat' dir='ltr'>Br0ulhusius</span> 
     </span>
     <span class='ocr_line' id='line_1_15' title="bbox 59 1820 1159 1905; baseline 0.005 -23"><span class='ocrx_word' id='word_1_103' title='bbox 59 1830 157 1882; x_wconf 60' lang='lat' dir='ltr'>Qum</span> <span class='ocrx_word' id='word_1_104' title='bbox 169 1821 305 1905; x_wconf 82' lang='lat' dir='ltr'>religiose</span> <span class='ocrx_word' id='word_1_105' title='bbox 319 1832 467 1902; x_wconf 87' lang='lat' dir='ltr'>sequatur,</span> <span class='ocrx_word' id='word_1_106' title='bbox 478 1821 652 1904; x_wconf 78' lang='lat' dir='ltr'>Scaligerana</span> <span class='ocrx_word' id='word_1_107' title='bbox 666 1820 795 1883; x_wconf 77' lang='lat' dir='ltr'>recensio</span> <span class='ocrx_word' id='word_1_108' title='bbox 807 1865 816 1896; x_wconf 92' lang='lat'>,</span> <span class='ocrx_word' id='word_1_109' title='bbox 830 1822 907 1903; x_wconf 92' lang='lat' dir='ltr'>quod</span> <span class='ocrx_word' id='word_1_110' title='bbox 919 1823 1025 1886; x_wconf 91' lang='lat' dir='ltr'>nollem</span> <span class='ocrx_word' id='word_1_111' title='bbox 1036 1824 1159 1902; x_wconf 83' lang='lat' dir='ltr'>factum,</span> 
     </span>
     <span class='ocr_line' id='line_1_16' title="bbox 60 1920 792 2004; baseline -0.011 -21"><span class='ocrx_word' id='word_1_112' title='bbox 60 1929 145 1993; x_wconf 67' lang='lat' dir='ltr'>Pro</span> <span class='ocrx_word' id='word_1_113' title='bbox 158 1920 389 2004; x_wconf 62' lang='lat' dir='ltr'>prestantissima</span> <span class='ocrx_word' id='word_1_114' title='bbox 403 1939 549 1996; x_wconf 79' lang='lat' dir='ltr'>perperam</span> <span class='ocrx_word' id='word_1_115' title='bbox 560 1920 657 1982; x_wconf 85' lang='lat' dir='ltr'>haberi</span> <span class='ocrx_word' id='word_1_116' title='bbox 668 1920 763 2001; x_wconf 67' lang='lat' dir='ltr'>coepit,</span> <span class='ocrx_word' id='word_1_117' title='bbox 777 1944 792 1976; x_wconf 77' lang='lat' dir='ltr'>u</span> 
     </span>
     <span class='ocr_line' id='line_1_17' title="bbox 132 2020 1159 2104; baseline 0.007 -25"><span class='ocrx_word' id='word_1_118' title='bbox 132 2050 149 2079; x_wconf 71' lang='grc' dir='ltr'>ι</span> <span class='ocrx_word' id='word_1_119' title='bbox 168 2024 295 2101; x_wconf 70' lang='lat' dir='ltr'>&amp;aliger</span> <span class='ocrx_word' id='word_1_120' title='bbox 303 2032 362 2081; x_wconf 86' lang='lat' dir='ltr'>tres</span> <span class='ocrx_word' id='word_1_121' title='bbox 376 2020 465 2081; x_wconf 85' lang='lat' dir='ltr'>libros</span> <span class='ocrx_word' id='word_1_122' title='bbox 476 2020 575 2082; x_wconf 85' lang='lat' dir='ltr'>habuit</span> <span class='ocrx_word' id='word_1_123' title='bbox 587 2043 594 2078; x_wconf 74' lang='grc' dir='ltr'><strong><em>ε</em></strong></span> <span class='ocrx_word' id='word_1_124' title='bbox 607 2042 731 2102; x_wconf 90' lang='lat' dir='ltr'>quornm</span> <span class='ocrx_word' id='word_1_125' title='bbox 745 2020 828 2081; x_wconf 87' lang='lat' dir='ltr'>unius</span> <span class='ocrx_word' id='word_1_126' title='bbox 839 2021 920 2099; x_wconf 86' lang='lat' dir='ltr'>copia</span> <span class='ocrx_word' id='word_1_127' title='bbox 929 2022 984 2104; x_wconf 88' lang='lat' dir='ltr'>ipsi</span> <span class='ocrx_word' id='word_1_128' title='bbox 994 2023 1065 2086; x_wconf 84' lang='lat' dir='ltr'>iacta</span> <span class='ocrx_word' id='word_1_129' title='bbox 1075 2042 1159 2091; x_wconf 78' lang='lat' dir='ltr'>erata</span> 
     </span>
     <span class='ocr_line' id='line_1_18' title="bbox 59 2116 1160 2211; baseline 0.009 -33"><span class='ocrx_word' id='word_1_130' title='bbox 59 2116 152 2185; x_wconf 72' lang='lat' dir='ltr'>-lae-</span> <span class='ocrx_word' id='word_1_131' title='bbox 168 2119 308 2204; x_wconf 84' lang='lat' dir='ltr'>Cujacio,</span> <span class='ocrx_word' id='word_1_132' title='bbox 324 2120 471 2183; x_wconf 88' lang='lat' dir='ltr'>JCtorum</span> <span class='ocrx_word' id='word_1_133' title='bbox 485 2120 628 2202; x_wconf 78' lang='lat' dir='ltr'>principe,</span> <span class='ocrx_word' id='word_1_134' title='bbox 645 2121 766 2183; x_wconf 88' lang='lat' dir='ltr'>recentis</span> <span class='ocrx_word' id='word_1_135' title='bbox 780 2120 856 2182; x_wconf 90' lang='lat' dir='ltr'>illius</span> <span class='ocrx_word' id='word_1_136' title='bbox 877 2134 908 2182; x_wconf 89' lang='lat' dir='ltr'>et</span> <span class='ocrx_word' id='word_1_137' title='bbox 926 2124 1010 2200; x_wconf 88' lang='lat' dir='ltr'>paulo</span> <span class='ocrx_word' id='word_1_138' title='bbox 1031 2138 1096 2188; x_wconf 87' lang='lat' dir='ltr'>ante</span> <span class='ocrx_word' id='word_1_139' title='bbox 1115 2139 1160 2211; x_wconf 77' lang='lat' dir='ltr'>ty·</span> 
     </span>
     <span class='ocr_line' id='line_1_19' title="bbox 61 2220 1159 2306; baseline 0.003 -22"><span class='ocrx_word' id='word_1_140' title='bbox 61 2220 294 2305; x_wconf 66' lang='lat' dir='ltr'>Dognplritam</span> <span class='ocrx_word' id='word_1_141' title='bbox 313 2232 403 2281; x_wconf 86' lang='lat' dir='ltr'>artem</span> <span class='ocrx_word' id='word_1_142' title='bbox 426 2220 568 2285; x_wconf 81' lang='lat' dir='ltr'>inventam</span> <span class='ocrx_word' id='word_1_143' title='bbox 587 2221 704 2303; x_wconf 82' lang='lat' dir='ltr'>scripti,</span> <span class='ocrx_word' id='word_1_144' title='bbox 719 2244 779 2306; x_wconf 83' lang='lat' dir='ltr'>quo</span> <span class='ocrx_word' id='word_1_145' title='bbox 798 2235 892 2283; x_wconf 84' lang='lat' dir='ltr'>tamen</span> <span class='ocrx_word' id='word_1_146' title='bbox 908 2224 1054 2285; x_wconf 88' lang='lat' dir='ltr'>meliorem</span> <span class='ocrx_word' id='word_1_147' title='bbox 1072 2225 1159 2287; x_wconf 86' lang='lat' dir='ltr'>hodie</span> 
     </span>
     <span class='ocr_line' id='line_1_20' title="bbox 59 2320 1160 2404; baseline 0.005 -23"><span class='ocrx_word' id='word_1_148' title='bbox 59 2334 201 2387; x_wconf 65' lang='lat' dir='ltr'>exstare</span> <span class='ocrx_word' id='word_1_149' title='bbox 215 2343 276 2384; x_wconf 91' lang='lat' dir='ltr'>non</span> <span class='ocrx_word' id='word_1_150' title='bbox 294 2320 421 2404; x_wconf 83' lang='lat' dir='ltr'>putabat.</span> <span class='ocrx_word' id='word_1_151' title='bbox 441 2322 520 2383; x_wconf 90' lang='lat' dir='ltr'>ldem</span> <span class='ocrx_word' id='word_1_152' title='bbox 537 2334 669 2404; x_wconf 83' lang='lat' dir='ltr'>excerpta</span> <span class='ocrx_word' id='word_1_153' title='bbox 681 2333 861 2400; x_wconf 85' lang='lat' dir='ltr'>pervetusta,</span> <span class='ocrx_word' id='word_1_154' title='bbox 876 2323 907 2383; x_wconf 89' lang='lat' dir='ltr'>in</span> <span class='ocrx_word' id='word_1_155' title='bbox 923 2323 1160 2387; x_wconf 80' lang='lat' dir='ltr'>Chrestomatlriae</span> 
     </span>
     <span class='ocr_line' id='line_1_21' title="bbox 65 2418 1161 2503; baseline 0.002 -22"><span class='ocrx_word' id='word_1_156' title='bbox 65 2421 226 2482; x_wconf 67' lang='lat' dir='ltr'>Albinum</span> <span class='ocrx_word' id='word_1_157' title='bbox 240 2419 363 2501; x_wconf 85' lang='lat' dir='ltr'>speeiem</span> <span class='ocrx_word' id='word_1_158' title='bbox 376 2420 542 2498; x_wconf 86' lang='lat' dir='ltr'>potissimos</span> <span class='ocrx_word' id='word_1_159' title='bbox 558 2419 638 2481; x_wconf 85' lang='lat' dir='ltr'>loros</span> <span class='ocrx_word' id='word_1_160' title='bbox 650 2419 813 2500; x_wconf 86' lang='lat' dir='ltr'>complexa,</span> <span class='ocrx_word' id='word_1_161' title='bbox 823 2418 967 2495; x_wconf 83' lang='lat' dir='ltr'>possedit,</span> <span class='ocrx_word' id='word_1_162' title='bbox 979 2418 1083 2501; x_wconf 86' lang='lat' dir='ltr'>quibus</span> <span class='ocrx_word' id='word_1_163' title='bbox 1094 2422 1161 2503; x_wconf 91' lang='lat' dir='ltr'>plu-</span> 
     </span>
     <span class='ocr_line' id='line_1_22' title="bbox 61 2518 1160 2602; baseline 0.002 -20"><span class='ocrx_word' id='word_1_164' title='bbox 61 2522 195 2582; x_wconf 66' lang='lat' dir='ltr'>rimum</span> <span class='ocrx_word' id='word_1_165' title='bbox 217 2540 250 2582; x_wconf 89' lang='lat' dir='ltr'>se</span> <span class='ocrx_word' id='word_1_166' title='bbox 266 2519 397 2602; x_wconf 79' lang='lat' dir='ltr'>adjutum</span> <span class='ocrx_word' id='word_1_167' title='bbox 413 2540 492 2594; x_wconf 82' lang='lat' dir='ltr'>esse,</span> <span class='ocrx_word' id='word_1_168' title='bbox 509 2530 638 2579; x_wconf 83' lang='lat' dir='ltr'>testatur.</span> <span class='ocrx_word' id='word_1_169' title='bbox 651 2520 698 2579; x_wconf 89' lang='lat' dir='ltr'>De</span> <span class='ocrx_word' id='word_1_170' title='bbox 718 2518 770 2593; x_wconf 90' lang='lat' dir='ltr'>iis,</span> <span class='ocrx_word' id='word_1_171' title='bbox 787 2541 850 2600; x_wconf 83' lang='lat' dir='ltr'>quae</span> <span class='ocrx_word' id='word_1_172' title='bbox 865 2520 1079 2594; x_wconf 76' lang='lat' dir='ltr'>monuerimus,</span> <span class='ocrx_word' id='word_1_173' title='bbox 1095 2520 1160 2584; x_wconf 82' lang='lat' dir='ltr'>vide</span> 
     </span>
     <span class='ocr_line' id='line_1_23' title="bbox 62 2615 1159 2704; baseline 0 -23"><span class='ocrx_word' id='word_1_174' title='bbox 62 2624 121 2684; x_wconf 70' lang='lat' dir='ltr'>ad</span> <span class='ocrx_word' id='word_1_175' title='bbox 143 2623 202 2694; x_wconf 79' lang='lat'>11,</span> <span class='ocrx_word' id='word_1_176' title='bbox 221 2617 259 2695; x_wconf 80' lang='lat' dir='ltr'>fi,</span> <span class='ocrx_word' id='word_1_177' title='bbox 280 2640 327 2704; x_wconf 82' lang='lat'>¹9·</span> <span class='ocrx_word' id='word_1_178' title='bbox 346 2616 405 2679; x_wconf 85' lang='lat' dir='ltr'>Sed</span> <span class='ocrx_word' id='word_1_179' title='bbox 425 2619 451 2679; x_wconf 92' lang='lat' dir='ltr'>ei</span> <span class='ocrx_word' id='word_1_180' title='bbox 470 2615 661 2700; x_wconf 77' lang='lat' dir='ltr'>fragmentum</span> <span class='ocrx_word' id='word_1_181' title='bbox 681 2638 797 2700; x_wconf 87' lang='lat' dir='ltr'>quoque</span> <span class='ocrx_word' id='word_1_182' title='bbox 816 2617 1008 2701; x_wconf 85' lang='lat' dir='ltr'>peroptimum</span> <span class='ocrx_word' id='word_1_183' title='bbox 1027 2631 1058 2681; x_wconf 90' lang='lat' dir='ltr'>et</span> <span class='ocrx_word' id='word_1_184' title='bbox 1077 2642 1159 2702; x_wconf 89' lang='lat' dir='ltr'>quarn</span> 
     </span>
     <span class='ocr_line' id='line_1_24' title="bbox 66 2715 1160 2803; baseline -0.002 -20"><span class='ocrx_word' id='word_1_185' title='bbox 66 2718 372 2793; x_wconf 69' lang='lat' dir='ltr'>emenrhtissimum,</span> <span class='ocrx_word' id='word_1_186' title='bbox 391 2739 409 2778; x_wconf 79' lang='lat' dir='ltr'>a</span> <span class='ocrx_word' id='word_1_187' title='bbox 426 2729 524 2800; x_wconf 82' lang='lat' dir='ltr'>quarta</span> <span class='ocrx_word' id='word_1_188' title='bbox 544 2715 608 2777; x_wconf 92' lang='lat' dir='ltr'>libri</span> <span class='ocrx_word' id='word_1_189' title='bbox 628 2716 705 2779; x_wconf 86' lang='lat' dir='ltr'>tertii</span> <span class='ocrx_word' id='word_1_190' title='bbox 723 2718 812 2803; x_wconf 84' lang='lat' dir='ltr'>elegia</span> <span class='ocrx_word' id='word_1_191' title='bbox 830 2717 865 2780; x_wconf 90' lang='lat' dir='ltr'>ad</span> <span class='ocrx_word' id='word_1_192' title='bbox 884 2717 968 2780; x_wconf 90' lang='lat' dir='ltr'>linem</span> <span class='ocrx_word' id='word_1_193' title='bbox 985 2741 1075 2801; x_wconf 86' lang='lat' dir='ltr'>usque</span> <span class='ocrx_word' id='word_1_194' title='bbox 1096 2719 1160 2781; x_wconf 86' lang='lat' dir='ltr'>libri</span> 
     </span>
     <span class='ocr_line' id='line_1_25' title="bbox 68 2814 1160 2901; baseline -0.002 -19"><span class='ocrx_word' id='word_1_195' title='bbox 68 2820 202 2901; x_wconf 83' lang='lat' dir='ltr'>quarti,</span> <span class='ocrx_word' id='word_1_196' title='bbox 221 2817 433 2879; x_wconf 86' lang='lat' dir='ltr'>commodatum</span> <span class='ocrx_word' id='word_1_197' title='bbox 446 2829 506 2878; x_wconf 89' lang='lat' dir='ltr'>erat</span> <span class='ocrx_word' id='word_1_198' title='bbox 518 2815 552 2876; x_wconf 90' lang='lat' dir='ltr'>ab</span> <span class='ocrx_word' id='word_1_199' title='bbox 563 2816 664 2879; x_wconf 90' lang='lat' dir='ltr'>eodem</span> <span class='ocrx_word' id='word_1_200' title='bbox 680 2837 784 2898; x_wconf 84' lang='lat' dir='ltr'>magno</span> <span class='ocrx_word' id='word_1_201' title='bbox 798 2814 937 2898; x_wconf 85' lang='lat' dir='ltr'>Cujaeio,</span> <span class='ocrx_word' id='word_1_202' title='bbox 951 2838 1010 2898; x_wconf 86' lang='lat' dir='ltr'>quo</span> <span class='ocrx_word' id='word_1_203' title='bbox 1027 2820 1160 2880; x_wconf 87' lang='lat' dir='ltr'>emenda-</span> 
     </span>
     <span class='ocr_line' id='line_1_26' title="bbox 68 2917 1160 3004; baseline -0.001 -21"><span class='ocrx_word' id='word_1_204' title='bbox 68 2923 145 2983; x_wconf 74' lang='lat' dir='ltr'>tius</span> <span class='ocrx_word' id='word_1_205' title='bbox 158 2920 254 2982; x_wconf 87' lang='lat' dir='ltr'>ullum</span> <span class='ocrx_word' id='word_1_206' title='bbox 268 2919 418 3002; x_wconf 85' lang='lat' dir='ltr'>antiquum</span> <span class='ocrx_word' id='word_1_207' title='bbox 431 2918 571 2997; x_wconf 83' lang='lat' dir='ltr'>exemplar</span> <span class='ocrx_word' id='word_1_208' title='bbox 584 2919 679 3004; x_wconf 82' lang='lat' dir='ltr'>legere</span> <span class='ocrx_word' id='word_1_209' title='bbox 692 2939 755 2979; x_wconf 89' lang='lat' dir='ltr'>non</span> <span class='ocrx_word' id='word_1_210' title='bbox 767 2919 942 2979; x_wconf 80' lang='lat' dir='ltr'>meminerat.</span> <span class='ocrx_word' id='word_1_211' title='bbox 959 2917 1047 2979; x_wconf 84' lang='lat' dir='ltr'>Liber</span> <span class='ocrx_word' id='word_1_212' title='bbox 1061 2920 1086 2981; x_wconf 84' lang='lat' dir='ltr'>is</span> <span class='ocrx_word' id='word_1_213' title='bbox 1102 2920 1160 2982; x_wconf 76' lang='lat' dir='ltr'>iere</span> 
     </span>
     <span class='ocr_line' id='line_1_27' title="bbox 73 3017 1160 3104; baseline 0.001 -24"><span class='ocrx_word' id='word_1_214' title='bbox 73 3021 248 3084; x_wconf 79' lang='lat' dir='ltr'>lectionem</span> <span class='ocrx_word' id='word_1_215' title='bbox 262 3041 356 3083; x_wconf 81' lang='lat' dir='ltr'>reram</span> <span class='ocrx_word' id='word_1_216' title='bbox 375 3030 406 3082; x_wconf 91' lang='lat' dir='ltr'>et</span> <span class='ocrx_word' id='word_1_217' title='bbox 422 3018 573 3104; x_wconf 79' lang='lat' dir='ltr'>genuinam</span> <span class='ocrx_word' id='word_1_218' title='bbox 590 3017 719 3092; x_wconf 84' lang='lat' dir='ltr'>exhibet;</span> <span class='ocrx_word' id='word_1_219' title='bbox 731 3018 781 3078; x_wconf 85' lang='lat' dir='ltr'>sed</span> <span class='ocrx_word' id='word_1_220' title='bbox 796 3018 941 3080; x_wconf 88' lang='lat' dir='ltr'>interdum</span> <span class='ocrx_word' id='word_1_221' title='bbox 960 3020 1041 3100; x_wconf 86' lang='lat' dir='ltr'>plane</span> <span class='ocrx_word' id='word_1_222' title='bbox 1057 3022 1160 3085; x_wconf 86' lang='lat' dir='ltr'>areli-</span> 
     </span>
     <span class='ocr_line' id='line_1_28' title="bbox 81 3118 1157 3204; baseline -0.003 -19"><span class='ocrx_word' id='word_1_223' title='bbox 81 3144 220 3204; x_wconf 82' lang='lat' dir='ltr'>quornrn</span> <span class='ocrx_word' id='word_1_224' title='bbox 233 3122 362 3182; x_wconf 86' lang='lat' dir='ltr'>onmium</span> <span class='ocrx_word' id='word_1_225' title='bbox 377 3120 501 3181; x_wconf 83' lang='lat' dir='ltr'>lectione</span> <span class='ocrx_word' id='word_1_226' title='bbox 513 3118 648 3189; x_wconf 81' lang='lat' dir='ltr'>discedit3</span> <span class='ocrx_word' id='word_1_227' title='bbox 665 3129 801 3178; x_wconf 83' lang='lat' dir='ltr'>uttamen</span> <span class='ocrx_word' id='word_1_228' title='bbox 816 3139 870 3178; x_wconf 87' lang='lat' dir='ltr'>nec</span> <span class='ocrx_word' id='word_1_229' title='bbox 885 3139 997 3201; x_wconf 86' lang='lat' dir='ltr'>semper</span> <span class='ocrx_word' id='word_1_230' title='bbox 1010 3141 1112 3182; x_wconf 88' lang='lat' dir='ltr'>eorum</span> <span class='ocrx_word' id='word_1_231' title='bbox 1122 3123 1157 3181; x_wconf 86' lang='lat' dir='ltr'>li·</span> 
     </span>
     <span class='ocr_line' id='line_1_29' title="bbox 84 3217 1154 3301; baseline -0.007 -16"><span class='ocrx_word' id='word_1_232' title='bbox 84 3223 158 3284; x_wconf 85' lang='lat' dir='ltr'>dem</span> <span class='ocrx_word' id='word_1_233' title='bbox 172 3223 282 3285; x_wconf 77' lang='lat' dir='ltr'>elevare</span> <span class='ocrx_word' id='word_1_234' title='bbox 294 3220 432 3284; x_wconf 83' lang='lat' dir='ltr'>rideatur.</span> <span class='ocrx_word' id='word_1_235' title='bbox 444 3219 516 3280; x_wconf 88' lang='lat' dir='ltr'>Vide</span> <span class='ocrx_word' id='word_1_236' title='bbox 532 3218 569 3278; x_wconf 91' lang='lat' dir='ltr'>ad</span> <span class='ocrx_word' id='word_1_237' title='bbox 581 3220 634 3291; x_wconf 90' lang='lat' dir='ltr'>1v‚</span> <span class='ocrx_word' id='word_1_238' title='bbox 652 3239 687 3293; x_wconf 90' lang='lat' dir='ltr'>r,</span> <span class='ocrx_word' id='word_1_239' title='bbox 706 3217 780 3301; x_wconf 83' lang='lat'>175,</span> <span class='ocrx_word' id='word_1_240' title='bbox 796 3240 872 3292; x_wconf 79' lang='lat'>²⁰⁰3</span> <span class='ocrx_word' id='word_1_241' title='bbox 885 3235 925 3293; x_wconf 82' lang='lat' dir='ltr'>v,</span> <span class='ocrx_word' id='word_1_242' title='bbox 941 3237 1061 3294; x_wconf 78' lang='lat' dir='ltr'>103vr,</span> <span class='ocrx_word' id='word_1_243' title='bbox 1080 3220 1126 3284; x_wconf 81' lang='lat'>15.</span> <span class='ocrx_word' id='word_1_244' title='bbox 1138 3250 1154 3277; x_wconf 66' lang='lat' dir='ltr'>a</span> 
     </span>
     <span class='ocr_line' id='line_1_30' title="bbox 140 3317 1159 3406; baseline 0.005 -27"><span class='ocrx_word' id='word_1_245' title='bbox 140 3321 525 3404; x_wconf 76' lang='lat' dir='ltr'>«Passeratiusinpaueulis,</span> <span class='ocrx_word' id='word_1_246' title='bbox 537 3342 605 3402; x_wconf 84' lang='lat' dir='ltr'>quaa</span> <span class='ocrx_word' id='word_1_247' title='bbox 613 3320 644 3378; x_wconf 93' lang='lat' dir='ltr'>in</span> <span class='ocrx_word' id='word_1_248' title='bbox 649 3317 797 3381; x_wconf 88' lang='lat' dir='ltr'>Tibullum</span> <span class='ocrx_word' id='word_1_249' title='bbox 806 3319 991 3399; x_wconf 83' lang='lat' dir='ltr'>conscripsit,</span> <span class='ocrx_word' id='word_1_250' title='bbox 998 3322 1075 3383; x_wconf 83' lang='lat' dir='ltr'>notis</span> <span class='ocrx_word' id='word_1_251' title='bbox 1083 3345 1159 3406; x_wconf 72' lang='lat' dir='ltr'>saepe</span> 
     </span>
     <span class='ocr_line' id='line_1_31' title="bbox 98 3420 1159 3502; baseline 0.002 -20"><span class='ocrx_word' id='word_1_252' title='bbox 98 3443 115 3482; x_wconf 93' lang='lat' dir='ltr'>e</span> <span class='ocrx_word' id='word_1_253' title='bbox 130 3435 222 3484; x_wconf 75' lang='lat' dir='ltr'>uetere</span> <span class='ocrx_word' id='word_1_254' title='bbox 240 3422 317 3485; x_wconf 81' lang='lat' dir='ltr'>libro</span> <span class='ocrx_word' id='word_1_255' title='bbox 335 3422 475 3484; x_wconf 78' lang='lat' dir='ltr'>lectiones</span> <span class='ocrx_word' id='word_1_256' title='bbox 493 3431 653 3481; x_wconf 82' lang='lat' dir='ltr'>memorat:</span> <span class='ocrx_word' id='word_1_257' title='bbox 673 3440 757 3501; x_wconf 78' lang='lat' dir='ltr'>qrrem</span> <span class='ocrx_word' id='word_1_258' title='bbox 778 3420 946 3501; x_wconf 72' lang='lat' dir='ltr'>peculiarem</span> <span class='ocrx_word' id='word_1_259' title='bbox 964 3420 1053 3502; x_wconf 86' lang='lat' dir='ltr'>ipsius</span> <span class='ocrx_word' id='word_1_260' title='bbox 1072 3421 1159 3484; x_wconf 80' lang='lat' dir='ltr'>fuisse</span> 
     </span>
     <span class='ocr_line' id='line_1_32' title="bbox 105 3517 1184 3603; baseline -0.002 -19"><span class='ocrx_word' id='word_1_261' title='bbox 105 3524 179 3584; x_wconf 73' lang='lat' dir='ltr'>erim</span> <span class='ocrx_word' id='word_1_262' title='bbox 194 3522 380 3585; x_wconf 81' lang='lat' dir='ltr'>Broullrusio</span> <span class='ocrx_word' id='word_1_263' title='bbox 392 3542 555 3600; x_wconf 86' lang='lat' dir='ltr'>persuasum</span> <span class='ocrx_word' id='word_1_264' title='bbox 565 3517 629 3579; x_wconf 85' lang='lat' dir='ltr'>suit.</span> <span class='ocrx_word' id='word_1_265' title='bbox 648 3519 714 3603; x_wconf 80' lang='lat' dir='ltr'>Ego</span> <span class='ocrx_word' id='word_1_266' title='bbox 723 3528 817 3578; x_wconf 85' lang='lat' dir='ltr'>tamen</span> <span class='ocrx_word' id='word_1_267' title='bbox 831 3518 960 3579; x_wconf 90' lang='lat' dir='ltr'>nondum</span> <span class='ocrx_word' id='word_1_268' title='bbox 976 3518 1074 3581; x_wconf 90' lang='lat' dir='ltr'>induci</span> <span class='ocrx_word' id='word_1_269' title='bbox 1088 3542 1157 3598; x_wconf 91' lang='lat' dir='ltr'>pos·</span> <span class='ocrx_word' id='word_1_270' title='bbox 1181 3588 1184 3593; x_wconf 57' lang='grc'><em>,</em></span> 
     </span>
     <span class='ocr_line' id='line_1_33' title="bbox 10 3614 1158 3693; baseline -0.001 -14"><span class='ocrx_word' id='word_1_271' title='bbox 10 3666 18 3693; x_wconf 58' lang='lat'>2</span> <span class='ocrx_word' id='word_1_272' title='bbox 37 3668 41 3687; x_wconf 39' lang='grc' dir='ltr'>ἰ</span> <span class='ocrx_word' id='word_1_273' title='bbox 109 3640 179 3692; x_wconf 77' lang='lat' dir='ltr'>m,</span> <span class='ocrx_word' id='word_1_274' title='bbox 196 3631 232 3683; x_wconf 77' lang='lat' dir='ltr'>ut</span> <span class='ocrx_word' id='word_1_275' title='bbox 245 3642 311 3682; x_wconf 91' lang='lat' dir='ltr'>euro</span> <span class='ocrx_word' id='word_1_276' title='bbox 330 3620 404 3681; x_wconf 85' lang='lat' dir='ltr'>libro</span> <span class='ocrx_word' id='word_1_277' title='bbox 422 3642 505 3681; x_wconf 90' lang='lat' dir='ltr'>usum</span> <span class='ocrx_word' id='word_1_278' title='bbox 525 3640 587 3682; x_wconf 83' lang='lat' dir='ltr'>esso</span> <span class='ocrx_word' id='word_1_279' title='bbox 602 3614 712 3678; x_wconf 72' lang='lat' dir='ltr'>credam</span> <span class='ocrx_word' id='word_1_280' title='bbox 727 3636 735 3673; x_wconf 75' lang='grc' dir='ltr'><strong>ε</strong></span> <span class='ocrx_word' id='word_1_281' title='bbox 752 3615 802 3676; x_wconf 90' lang='lat' dir='ltr'>sed</span> <span class='ocrx_word' id='word_1_282' title='bbox 822 3615 971 3692; x_wconf 85' lang='lat' dir='ltr'>potius-de</span> <span class='ocrx_word' id='word_1_283' title='bbox 989 3615 1158 3678; x_wconf 82' lang='lat' dir='ltr'>variantibus</span> 
     </span>
     <span class='ocr_line' id='line_1_34' title="bbox 10 3702 1159 3800; baseline 0.003 -23"><span class='ocrx_word' id='word_1_284' title='bbox 10 3744 24 3777; x_wconf 83' lang='grc' dir='ltr'>ι</span> <span class='ocrx_word' id='word_1_285' title='bbox 40 3714 49 3765; x_wconf 69' lang='lat' dir='ltr'>&#39;r</span> <span class='ocrx_word' id='word_1_286' title='bbox 113 3714 181 3780; x_wconf 78' lang='lat' dir='ltr'>Statii</span> <span class='ocrx_word' id='word_1_287' title='bbox 197 3730 248 3783; x_wconf 76' lang='lat' dir='ltr'>aut</span> <span class='ocrx_word' id='word_1_288' title='bbox 263 3717 378 3780; x_wconf 84' lang='lat' dir='ltr'>alterius</span> <span class='ocrx_word' id='word_1_289' title='bbox 390 3717 570 3800; x_wconf 81' lang='lat' dir='ltr'>superiorum</span> <span class='ocrx_word' id='word_1_290' title='bbox 586 3716 772 3793; x_wconf 87' lang='lat' dir='ltr'>interpretum</span> <span class='ocrx_word' id='word_1_291' title='bbox 786 3702 917 3796; x_wconf 80' lang='lat' dir='ltr'>intelligo</span> <span class='ocrx_word' id='word_1_292' title='bbox 929 3757 938 3786; x_wconf 94' lang='lat'>,</span> <span class='ocrx_word' id='word_1_293' title='bbox 951 3716 1064 3795; x_wconf 87' lang='lat' dir='ltr'>qnando</span> <span class='ocrx_word' id='word_1_294' title='bbox 1075 3729 1159 3780; x_wconf 84' lang='lat' dir='ltr'>vete-</span> 
     </span>
     <span class='ocr_line' id='line_1_35' title="bbox 11 3806 1157 3900; baseline -0.002 -18"><span class='ocrx_word' id='word_1_295' title='bbox 11 3806 27 3855; x_wconf 52' lang='lat'>5</span> <span class='ocrx_word' id='word_1_296' title='bbox 114 3838 160 3881; x_wconf 80' lang='lat' dir='ltr'>teu</span> <span class='ocrx_word' id='word_1_297' title='bbox 172 3820 274 3882; x_wconf 76' lang='lat' dir='ltr'>lihtom</span> <span class='ocrx_word' id='word_1_298' title='bbox 291 3819 392 3880; x_wconf 73' lang='lat' dir='ltr'>laudat</span> <span class='ocrx_word' id='word_1_299' title='bbox 410 3818 517 3890; x_wconf 86' lang='lat' dir='ltr'>Certe,</span> <span class='ocrx_word' id='word_1_300' title='bbox 534 3827 679 3900; x_wconf 86' lang='lat' dir='ltr'>quotquot</span> <span class='ocrx_word' id='word_1_301' title='bbox 694 3816 792 3876; x_wconf 88' lang='lat' dir='ltr'>barum</span> <span class='ocrx_word' id='word_1_302' title='bbox 804 3814 960 3875; x_wconf 83' lang='lat' dir='ltr'>variantum</span> <span class='ocrx_word' id='word_1_303' title='bbox 982 3821 1157 3900; x_wconf 82' lang='lat' dir='ltr'>comparavi,</span> 
     </span>
    </p>
   </div>
   <div class='ocr_carea' id='block_1_5' title="bbox 10 3892 1158 4109">
    <p class='ocr_par' dir='ltr' id='par_1_5' title="bbox 10 3892 1158 4109">
     <span class='ocr_line' id='line_1_36' title="bbox 10 3892 1158 4027; baseline -0.004 -46"><span class='ocrx_word' id='word_1_304' title='bbox 10 3892 29 4015; x_wconf 52' lang='grc' dir='ltr'>ἰ</span> <span class='ocrx_word' id='word_1_305' title='bbox 49 3908 54 4027; x_wconf 62' lang='grc' dir='ltr'><strong>ἱ</strong></span> <span class='ocrx_word' id='word_1_306' title='bbox 115 3935 164 3980; x_wconf 75' lang='lat' dir='ltr'>ten</span> <span class='ocrx_word' id='word_1_307' title='bbox 178 3943 237 3984; x_wconf 93' lang='lat' dir='ltr'>uno</span> <span class='ocrx_word' id='word_1_308' title='bbox 252 3920 378 3981; x_wconf 78' lang='lat' dir='ltr'>alterove</span> <span class='ocrx_word' id='word_1_309' title='bbox 390 3919 473 3979; x_wconf 88' lang='lat' dir='ltr'>Statii</span> <span class='ocrx_word' id='word_1_310' title='bbox 488 3918 562 3979; x_wconf 87' lang='lat' dir='ltr'>libro</span> <span class='ocrx_word' id='word_1_311' title='bbox 580 3917 733 3978; x_wconf 86' lang='lat' dir='ltr'>convenire</span> <span class='ocrx_word' id='word_1_312' title='bbox 744 3914 822 3978; x_wconf 83' lang='lat' dir='ltr'>ridi:</span> <span class='ocrx_word' id='word_1_313' title='bbox 840 3912 894 3974; x_wconf 87' lang='lat' dir='ltr'>nisi</span> <span class='ocrx_word' id='word_1_314' title='bbox 911 3915 988 3997; x_wconf 93' lang='lat' dir='ltr'>quod</span> <span class='ocrx_word' id='word_1_315' title='bbox 1005 3919 1034 3993; x_wconf 90' lang='lat' dir='ltr'>l,</span> <span class='ocrx_word' id='word_1_316' title='bbox 1051 3939 1085 3994; x_wconf 84' lang='lat' dir='ltr'>a,</span> <span class='ocrx_word' id='word_1_317' title='bbox 1103 3942 1158 4006; x_wconf 80' lang='lat'>79,</span> 
     </span>
     <span class='ocr_line' id='line_1_37' title="bbox 10 4018 333 4109; baseline -0.019 -25"><span class='ocrx_word' id='word_1_318' title='bbox 10 4032 54 4096; x_wconf 72' lang='lat'>,2²</span> <span class='ocrx_word' id='word_1_319' title='bbox 115 4018 219 4083; x_wconf 81' lang='lat' dir='ltr'>ulibm</span> <span class='ocrx_word' id='word_1_320' title='bbox 234 4019 333 4109; x_wconf 59' lang='lat' dir='ltr'>alieri:</span> 
     </span>
    </p>
   </div>
   <div class='ocr_carea' id='block_1_6' title="bbox 258 4170 874 4247">
    <p class='ocr_par' dir='ltr' id='par_1_6' title="bbox 258 4170 874 4247">
     <span class='ocr_line' id='line_1_38' title="bbox 258 4170 874 4247; baseline -0.003 -18"><span class='ocrx_word' id='word_1_321' title='bbox 258 4178 330 4229; x_wconf 86' lang='lat' dir='ltr'>Num</span> <span class='ocrx_word' id='word_1_322' title='bbox 340 4174 448 4228; x_wconf 81' lang='lat' dir='ltr'>Venerit</span> <span class='ocrx_word' id='word_1_323' title='bbox 458 4194 552 4247; x_wconf 76' lang='lat' dir='ltr'>magno</span> <span class='ocrx_word' id='word_1_324' title='bbox 565 4174 658 4226; x_wconf 84' lang='lat' dir='ltr'>violavi</span> <span class='ocrx_word' id='word_1_325' title='bbox 670 4173 775 4226; x_wconf 85' lang='lat' dir='ltr'>numina</span> <span class='ocrx_word' id='word_1_326' title='bbox 786 4170 874 4240; x_wconf 81' lang='lat' dir='ltr'>verbo,</span> 
     </span>
    </p>
   </div>
   <div class='ocr_carea' id='block_1_7' title="bbox 10 4318 1160 4505">
    <p class='ocr_par' dir='ltr' id='par_1_7' title="bbox 10 4318 1160 4505">
     <span class='ocr_line' id='line_1_39' title="bbox 10 4318 1157 4406; baseline -0.01 -17"><span class='ocrx_word' id='word_1_327' title='bbox 10 4326 19 4337; x_wconf 82' lang='grc'><strong>”</strong></span> <span class='ocrx_word' id='word_1_328' title='bbox 113 4326 204 4402; x_wconf 79' lang='lat' dir='ltr'>quoda</span> <span class='ocrx_word' id='word_1_329' title='bbox 214 4326 296 4387; x_wconf 89' lang='lat' dir='ltr'>nullo</span> <span class='ocrx_word' id='word_1_330' title='bbox 310 4325 367 4387; x_wconf 92' lang='lat' dir='ltr'>alio</span> <span class='ocrx_word' id='word_1_331' title='bbox 381 4335 567 4388; x_wconf 89' lang='lat' dir='ltr'>memoratum</span> <span class='ocrx_word' id='word_1_332' title='bbox 578 4323 652 4398; x_wconf 78' lang='lat' dir='ltr'>vidi3</span> <span class='ocrx_word' id='word_1_333' title='bbox 668 4333 701 4382; x_wconf 93' lang='lat' dir='ltr'>ut</span> <span class='ocrx_word' id='word_1_334' title='bbox 716 4321 789 4396; x_wconf 90' lang='lat' dir='ltr'>etl,</span> <span class='ocrx_word' id='word_1_335' title='bbox 802 4318 839 4397; x_wconf 78' lang='lat'>3,</span> <span class='ocrx_word' id='word_1_336' title='bbox 853 4344 888 4397; x_wconf 84' lang='lat' dir='ltr'>a,</span> <span class='ocrx_word' id='word_1_337' title='bbox 903 4334 985 4406; x_wconf 78' lang='lat' dir='ltr'>tuque</span> <span class='ocrx_word' id='word_1_338' title='bbox 995 4345 1048 4401; x_wconf 80' lang='lat' dir='ltr'>pro</span> <span class='ocrx_word' id='word_1_339' title='bbox 1061 4325 1129 4405; x_wconf 75' lang='lat' dir='ltr'>ipse.</span> <span class='ocrx_word' id='word_1_340' title='bbox 1143 4351 1157 4379; x_wconf 68' lang='lat' dir='ltr'>s</span> 
     </span>
     <span class='ocr_line' id='line_1_40' title="bbox 145 4420 1160 4505; baseline -0.008 -18"><span class='ocrx_word' id='word_1_341' title='bbox 145 4426 264 4487; x_wconf 81' lang='lat' dir='ltr'>«Etiam</span> <span class='ocrx_word' id='word_1_342' title='bbox 278 4423 374 4485; x_wconf 73' lang='lat' dir='ltr'>Jonas</span> <span class='ocrx_word' id='word_1_343' title='bbox 385 4422 488 4485; x_wconf 82' lang='lat' dir='ltr'>Druso</span> <span class='ocrx_word' id='word_1_344' title='bbox 502 4422 575 4482; x_wconf 84' lang='lat' dir='ltr'>filius</span> <span class='ocrx_word' id='word_1_345' title='bbox 591 4420 664 4480; x_wconf 89' lang='lat' dir='ltr'>libro</span> <span class='ocrx_word' id='word_1_346' title='bbox 680 4432 775 4484; x_wconf 87' lang='lat' dir='ltr'>vetere</span> <span class='ocrx_word' id='word_1_347' title='bbox 791 4443 844 4483; x_wconf 86' lang='lat' dir='ltr'>suo</span> <span class='ocrx_word' id='word_1_348' title='bbox 861 4444 891 4482; x_wconf 89' lang='lat' dir='ltr'>se</span> <span class='ocrx_word' id='word_1_349' title='bbox 907 4421 949 4482; x_wconf 92' lang='lat' dir='ltr'>uti</span> <span class='ocrx_word' id='word_1_350' title='bbox 964 4421 1114 4505; x_wconf 82' lang='lat' dir='ltr'>profitetur</span> <span class='ocrx_word' id='word_1_351' title='bbox 1129 4420 1160 4479; x_wconf 92' lang='lat' dir='ltr'>in</span> 
     </span>
    </p>
   </div>
   <div class='ocr_carea' id='block_1_8' title="bbox 0 0 1280 4972">
    <p class='ocr_par' dir='ltr' id='par_1_8' title="bbox 0 0 1280 4972">
     <span class='ocr_line' id='line_1_41' title="bbox 0 0 1280 4972; baseline 0 0"><span class='ocrx_word' id='word_1_352' title='bbox 0 0 1280 4972; x_wconf 95' lang='lat' dir='ltr'> </span> 
     </span>
    </p>
   </div>
  </div>
 </body>
</html>
