2580 5002
271 661 593 732 ELEGIARUM
623 667 723 736 LlB.
752 669 781 734 I.
814 669 965 739 ELEG.
996 673 1026 738 I.
1144 674 1179 738 13

161 803 209 876 Ut
225 802 344 879 domus
361 803 500 879 hostiles
516 807 667 908 praeferat
683 811 824 885 exuvias.

116 919 171 995 Me
188 921 333 995 retinent
350 921 496 996 vinctum
513 923 664 999 formosa
681 925 787 1000 vincla
805 926 941 1027 puellae,
1147 951 1180 1000 ns»

160 1040 206 1111 Et
220 1037 319 1112 sedeo
336 1038 436 1113 duras
452 1040 575 1138 janitor
590 1058 666 1113 ante
682 1040 779 1116 fores.

112 1153 187 1227 Non
207 1181 269 1250 ego
290 1153 415 1228 laudari
435 1184 535 1244 curo,
555 1184 626 1231 mea
642 1157 738 1231 Delia
754 1188 762 1231 :
781 1175 889 1230 tecum

161 1270 356 1344 Dummodo
373 1271 454 1362 sim,
473 1301 603 1372 quaeso,
623 1274 734 1369 segnis
751 1273 904 1374 inersque
920 1301 1025 1349 vocer.

110 1385 160 1458 Te
176 1404 337 1488 spectem,
356 1416 509 1490 suprema
525 1389 606 1461 mihi
625 1418 728 1489 quum
744 1390 869 1463 venerit
883 1390 985 1478 hora,

159 1505 208 1578 Te
227 1521 353 1580 teneam
369 1506 516 1581 moriens
535 1505 703 1581 deficiente
719 1536 827 1581 mauu.
1144 1532 1178 1581 uo

107 1699 244 1760 suscepta,
261 1710 292 1744 ex
308 1710 381 1745 more
394 1692 514 1763 equitum
526 1712 621 1746 roma-

107 1787 216 1822 norum.

143 1852 184 1915 54.
195 1846 280 1901 codd.
291 1849 373 1902 Paris.
383 1849 478 1905 Dresd.
487 1853 576 1906 Witt.
588 1853 621 1906 A.

107 1925 164 1978 duo
172 1925 251 1998 Angl.
260 1925 301 1979 ed.
314 1946 375 1981 aun.
393 1932 452 1997 ¹47²
465 1971 472 1996 ,
485 1930 582 1984 habent
594 1942 623 1984 ut

107 2005 198 2056 domus
205 2006 292 2057 exiles.
302 2003 363 2057 Mos
374 2004 424 2059 luit
433 2007 480 2061 iste
489 2008 620 2062 Romano-

107 2100 170 2134 rum
178 2121 187 2148 ,
196 2093 225 2136 ut
236 2080 421 2154 foribusspolia
434 2087 547 2141 hostiurn
556 2109 621 2157 prac-

107 2159 158 2213 fin
166 2159 295 2214 haberent
306 2184 312 2225 3
322 2163 444 2233 Propert.
451 2164 493 2219 lll
500 2205 507 2232 ‚
515 2165 555 2219 Et.
562 2183 619 2233 vn,

106 2258 144 2292 rs.
156 2238 201 2302 26;
213 2239 306 2309 Virgil.
317 2239 424 2294 AEneid.
433 2242 486 2296 Vll
496 2282 503 2309 ,
515 2263 551 2296 vs.
565 2245 621 2297 183.

106 2317 245 2372 Hm-
254 2318 401 2388 Maioribus
411 2320 506 2375 nostris
517 2361 524 2388 ‚
542 2334 571 2374 ut
580 2333 621 2375 te-

106 2407 214 2451 stantur
231 2395 401 2451 Possidonius
421 2410 448 2451 et
465 2398 577 2465 Strabo,
594 2399 620 2451 id

107 2476 191 2531 moris
200 2476 266 2544 luit,
280 2475 432 2530 uthostium
443 2475 527 2545 capita
537 2479 559 2528 lv
568 2501 620 2546 κμ-

107 2565 213 2618 wlstan
225 2540 301 2610 adfixa
314 2565 457 2610 servarenl.

141 2639 183 2690 55.
190 2635 285 2690 Balbus
294 2676 301 2703 ,
309 2656 364 2706 cap.
375 2651 454 2700 cxxx,
464 2653 488 2703 p.
499 2653 555 2705 179,
563 2648 621 2701 pro-

107 2713 223 2769 batcum
232 2713 341 2786 Heynio
350 2719 376 2765 et
385 2710 486 2764 duobus
499 2709 621 2779 antiquis·

106 2792 181 2846 simis
191 2789 324 2846 codicibus
332 2789 463 2859 vulgatam
473 2786 570 2840 Tibulli
581 2788 622 2841 le-

106 2869 233 2925 ctionem.
239 2866 434 2923 Tertiuscodex
441 2865 621 2920 recentiorMe

104 2954 198 3003 retiae!
207 2953 317 3002 vrirclum
322 2946 444 3013 strrmosae
453 2964 514 2998 cura
521 2949 619 3012 puelle.

106 3030 215 3082 Verum
230 3024 326 3080 eodem
343 3026 401 3095 iure
413 3023 532 3077 Tibullus
550 3024 619 3077 scri-

671 1695 748 1747 Tunc
770 1693 802 1747 de
821 1693 902 1747 verbo
925 1696 1032 1746 laudan·
1048 1693 1180 1764 copiosam

669 1775 719 1828 init
737 1773 960 1835 dissertationem,
980 1785 1058 1843 atque
1071 1774 1103 1827 de
1123 1777 1182 1845 ejus

670 1854 776 1908 militari
786 1853 910 1923 loquendi
921 1872 983 1906 usu:
993 1873 1042 1907 nec.
1050 1873 1115 1924 opus
1124 1868 1182 1911 erat

671 1941 743 1985 tanta
755 1930 935 1999 exemplorum
948 1931 1068 2000 congerie
1083 1931 1114 1984 nd
1127 1932 1182 1987 de-

670 2010 870 2064 monstrandam
878 2030 944 2076 cem,
956 2029 1014 2078 quae
1024 2012 1182 2065 exomnibus

670 2090 945 2160 panthsins-Mea
952 2091 1182 2146 Mulli-'rmum

670 2170 779 2224 nornine
789 2174 908 2225 Plautiam
918 2168 995 2223 luisse
1006 2170 1181 2240 nominatam,

671 2247 1183 2319 auctorestApuleiuscasaubonusrta-

670 2335 713 2382 νία
733 2328 868 2393 malebat,
889 2346 1050 2395 quamquam
1071 2326 1180 2392 timide;

670 2405 740 2475 quod
748 2403 874 2458 ctColvio
886 2403 995 2473 placuit,
1008 2413 1052 2456 aut
1063 2407 1180 2456 Plancio.

671 2486 702 2539 ln
719 2484 804 2538 Fulvii
819 2482 909 2536 Ursini
923 2480 1011 2535 codice
1025 2485 1130 2534 Plautia
1143 2482 1183 2536 le-

670 2565 788 2634 gebatur,
799 2573 863 2617 teste
871 2561 994 2632 Scipione
1003 2560 1122 2615 Gentiles
1129 2583 1136 2624 3
1144 2580 1183 2613 so·

669 2641 1184 2709 lusJo.Pricaeusnilrilmutavit‚eoquod

671 2720 775 2775 Plantia
788 2721 815 2774 in
830 2719 957 2788 lapidibus
969 2719 1074 2773 visatur.
1092 2720 1132 2773 lta
1144 2729 1184 2773 cst

669 2801 739 2870 apud
749 2801 895 2854 Gruterum
906 2814 969 2853 :sex
982 2811 1099 2851 rrnnrus
1111 2811 1184 2848 nen·

670 2894 734 2933 tons.
743 2877 887 2948 Reponitur
897 2877 923 2929 in
931 2875 1016 2946 lapide
1024 2874 1181 2946 pcaegrandi,

669 2957 785 3027 itemque
795 2973 844 3012 sax
855 2970 970 3010 returns
982 2969 1180 3018 nuncrnruus3

670 3054 726 3105 pag.
736 3039 781 3087 251
793 3075 800 3100 ,
812 3034 934 3088 columna
945 3037 968 3101 4.
980 3033 1083 3087 ibidem
1098 3033 1125 3085 in
1137 3044 1181 3085 tu-

106 3108 172 3163 bere
184 3105 270 3178 poluit
281 3111 392 3159 vtitclum
400 3107 487 3157 vt'ttcla
497 3109 603 3156 Velim!
608 3143 615 3165 ‚
669 3112 742 3166 mulo
751 3112 879 3166 Maium:
891 3112 1033 3166 Aupmffls
1043 3128 1179 3179 (fflfflop,

106 3205 163 3258 <1¹¹⁰
176 3185 258 3240 Hom·
269 3184 299 3238 1¹·
309 3195 345 3248 E,
358 3183 424 3249 385,
439 3187 512 3236 &aar
522 3190 620 3258 κρατφῷ
671 3205 777 3244 oenurr
790 3206 832 3243 ur.
843 3204 943 3243 arnum
956 3204 1070 3254 maren,
1080 3210 1105 3259 p.
1115 3189 1178 3257 576,

107 3270 143 3319 lt?
156 3271 242 3336 ’Ἰψῷ
264 3273 291 3315 ²¹
307 3260 336 3313 5¹¹
350 3259 433 3333 Odis-
448 3269 488 3325 xv
505 3261 567 3332 ¹392
581 3266 620 3314 σὺν
668 3267 715 3320 col.
729 3288 751 3335 7.
761 3266 882 3335 Denique
897 3267 937 3318 M.
949 3265 1056 3333 Planius
1068 3266 1179 3334 legitur,

108 3349 136 3397 di
146 3341 336 3416 πέδαςχιῑρᾶςτε
350 3343 398 3393 tin
409 3341 620 3411 θυμαλγίῑδισμῴ.
669 3362 693 3412 p.
709 3343 771 3408 820,
788 3343 837 3396 col.
856 3346 902 3396 18:
918 3355 974 3396 esto
989 3343 1068 3412 igitur
1088 3342 1181 3394 Plania

107 3421 243 3476 Huscnx.
668 3439 769 3473 nomon
781 3438 937 3481 romanum
952 3419 996 3472 sed
1010 3459 1017 3485 ,
1032 3419 1067 3472 sic
1080 3430 1109 3471 ut
1120 3419 1179 3471 De-

144 3498 186 3555 56.
208 3497 333 3552 Heinsius
354 3496 443 3550 mallet
466 3514 472 3548 :
494 3498 570 3548 sedeo
592 3506 623 3548 11!
668 3498 708 3553 liae
720 3498 810 3552 datum
820 3498 913 3565 suerit,
926 3497 989 3550 vela
1001 3495 1125 3562 domina,
1138 3497 1181 3550 vel

105 3582 207 3643 durum
219 3577 265 3632 sed
277 3579 304 3632 id
318 3573 528 3644 subintelligitur.
539 3601 572 3612 -
585 3575 623 3627 Et
669 3598 684 3631 a
698 3589 826 3647 patrono,
838 3586 894 3630 erat
902 3575 974 3629 enim
984 3575 1111 3629 tibertinae
1119 3595 1181 3629 cou-

105 3654 621 3723 sedenlteminiscendumesujanitores
670 3655 794 3709 ditionis:
810 3653 837 3705 id
860 3651 930 3721 quod
953 3651 1117 3720 perspicuum
1135 3653 1181 3707 fiet

106 3759 200 3796 servos
216 3740 293 3794 luisse
308 3749 400 3792 catena
413 3734 512 3788 toribus
526 3734 620 3803 alliga·
669 3755 701 3788 ex
719 3733 779 3786 locis
796 3729 976 3799 complusculis
994 3728 1075 3782 nostri
1088 3741 1181 3800 poeto.

105 3830 159 3873 tos.
173 3815 460 3873 steovillam:
474 3834 487 3858 n
500 3812 618 3879 Janitor,
670 3813 900 3866 Bnoucxnusrus.
922 3834 956 3846 -
977 3805 1049 3860 Huic
1070 3806 1179 3862 disticho

107 3894 266 3968 indignum!
284 3895 350 3948 dura
367 3890 476 3959 religate
493 3898 592 3941 calena·
606 3911 619 3935 ¹³
670 3889 803 3957 subiunxit
814 3887 929 3957 Scaliger
944 3887 1040 3957 Elegiae
1058 3888 1178 3943 secunda

109 3973 185 4029 Cum
196 3973 248 4029 hoc
260 3966 620 4044 igitursecomparatpuclloe
670 3967 795 4038 quosdam
807 3986 910 4032 versus,
924 3965 1003 4034 idque
1015 3983 1112 4035 magno
1129 3986 1180 4018 or-

105 4051 277 4108 secsientem.
293 4050 386 4103 Hm.
568 4116 571 4122 .
670 4047 738 4101 dinis
755 4045 924 4100 detrimento.

143 4137 183 4202 57.
204 4134 263 4184 Non
277 4150 324 4199 ego
341 4130 446 4182 laudan'
457 4143 523 4178 curo.
540 4122 620 4176 Pauci
703 4133 742 4199 59.
767 4128 803 4178 Te
820 4133 934 4194 spectem.
954 4123 1042 4177 verba
1065 4141 1180 4189 sugam

106 4209 169 4263 libri
177 4214 258 4277 clept‘o·
266 4208 302 4261 Al
310 4203 443 4261 Bt0ucl¹h=
450 4201 531 4255 mulla
540 4199 622 4255 (llsse-
670 4210 731 4262 mitt
741 4225 814 4273 quum
829 4210 922 4256 tenerit
931 4205 993 4256 hora
1003 4200 1107 4271 repetiit
1122 4199 1181 4252 Au-

107 4287 146 4340 rit
160 4286 193 4340 de
212 4285 361 4340 discrimine
378 4284 448 4336 inter
463 4298 518 4333 non
535 4298 622 4346 cupere
670 4306 725 4341 son.
740 4284 852 4354 Ephem,
864 4281 939 4336 Orat,
954 4304 992 4351 7²·
1007 4282 1102 4334 Hnrn.

107 4375 330 4427 cenomanen,
354 4379 412 4432 quae
425 4369 513 4415 tamen
527 4359 554 4411 in
568 4379 621 4411 cu·
703 4365 744 4417 60.
767 4366 802 4417 Te
819 4371 915 4416 teneam
933 4365 1039 4414 mortens
1056 4361 1182 4429 afficiente

107 4445 259 4515 juscunque
278 4443 340 4498 velis
356 4453 476 4498 mentem
494 4440 622 4498 incidunt
671 4463 754 4496 manu.
765 4441 848 4496 Hunc
859 4457 964 4495 venum
976 4436 1100 4506 expressit
1112 4437 1180 4490 Naso
