2550 4972
101 312 130 373 xl
477 315 537 373 DE
563 317 591 374 Τ
600 315 760 374 lBUl.Ll

100 447 212 509 litteris.
229 452 340 511 Vocum
354 446 522 527 compendia
535 448 710 508 creberrima.
720 447 918 532 Dipbtbongis
936 457 1028 519 curet3
1038 444 1067 522 s
1074 446 1131 507 inii

103 547 241 630 longum,
258 570 317 609 non
333 572 357 609 s.
375 548 579 611 correctiones
595 547 696 626 partim
711 549 742 608 in
756 548 820 631 ipso
837 559 972 609 contextu
985 569 1001 607 a
1018 570 1131 609 manus

101 646 214 721 eunde,
235 647 336 724 purtim
358 647 477 731 margini
491 648 627 730 appositae
644 648 718 709 baud
732 648 881 710 indoctum
894 648 1023 727 produnt
1039 646 1131 709 scribe

101 747 250 809 Nonnulli
266 747 320 809 sibi
335 749 449 831 propria
465 747 556 809 babet.
571 750 778 830 Frequentetur
792 749 934 810 scribendi
950 748 1023 809 ratio
1042 771 1049 807 :
1060 748 1131 828 jude

101 847 234 919 obsculo,
250 870 304 926 pro
310 847 415 927 jussit,
428 849 532 908 ornato
546 848 668 910 Carmen
677 849 712 910 ed
722 848 871 911 Messalam
885 869 920 909 ex
929 869 964 909 eo
975 847 1057 927 plane
1070 847 1131 908 exul

101 946 252 1030 subjectos
272 947 403 1009 continet
424 947 512 1009 [ustos
537 950 685 1013 Romanos
707 973 772 1012 cum
794 949 984 1028 expositione.
1006 949 1131 1009 Hach

102 1048 140 1107 Τ.
156 1046 279 1126 excipit,
296 1049 385 1111 rubro
400 1049 500 1111 colore
513 1048 611 1110 tincta.
626 1050 690 1111 Tol.
706 1048 747 1134 49
762 1060 884 1111 constet.
901 1049 984 1134 Sign.
1001 1049 1074 1122 n.l,.
1095 1049 1131 1109 Νι

101 1169 185 1229 quam
201 1149 231 1208 in
247 1149 292 1210 bis
305 1149 383 1219 libris
400 1148 621 1213 distinctionum
636 1150 717 1234 signa
734 1161 908 1229 comparent.

141 1249 306 1311 Huscblius
324 1250 446 1332 denique
462 1263 566 1329 prrrter
580 1250 767 1312 Parisienscm
784 1249 868 1312 etiam
884 1250 1065 1327 Lipsiensem
1079 1249 1131 1310 laur

41 1346 45 1351 ’
100 1350 357 1423 membranaceum
375 1350 422 1410 bic
439 1350 529 1412 codex
541 1350 689 1413 Tibullum
701 1351 794 1412 solum
806 1349 1024 1432 complectitur,
1042 1349 1131 1412 videte

102 1470 158 1530 que
173 1451 208 1512 ab
221 1449 432 1528 imperitissimo
444 1449 558 1513 librario
573 1450 669 1513 soeculi
679 1452 735 1511 XV
749 1463 884 1513 exemtus.
895 1452 986 1523 Nam,
1002 1449 1041 1509 ait
1054 1451 1131 1511 Husc

100 1550 185 1625 lius,
202 1551 279 1612 inter
291 1550 433 1626 carmina,
450 1575 515 1634 quae
523 1550 640 1613 Tibullo
655 1551 751 1613 eadem
767 1572 852 1611 manu
866 1548 1003 1632 adscripta
1016 1559 1101 1622 suut,
1114 1549 1131 1609 d

101 1650 282 1729 reperiuntur
297 1652 420 1713 Tbomse
436 1655 554 1714 Senecoe
570 1652 719 1713 Camertis.

143 1751 273 1812 Veniunt
282 1753 312 1812 in
325 1750 459 1813 codicum
470 1774 585 1813 censum
596 1753 679 1814 etism
690 1751 830 1815 editiones
843 1752 964 1832 (iterum
974 1773 1052 1812 nunc
1065 1753 1129 1833 Hey

101 1852 196 1914 verbis
207 1852 352 1930 utimur),
364 1853 446 1916 variis
462 1852 632 1915 lectionibus
647 1874 662 1913 e
675 1853 755 1914 libris
767 1852 879 1932 scriptis
894 1850 1033 1930 excerptis
1048 1851 1083 1911 ad
1093 1874 1131 1911 nu

101 1954 198 2035 ginem
209 1964 327 2014 notatae:
338 1952 440 2036 quibus
450 1965 544 2013 umen
553 1974 618 2014 raro
629 1975 728 2038 magna
739 1953 807 2015 fides
819 1953 905 2014 tribui
916 1963 1031 2035 potest,
1044 1962 1078 2011 ut
1088 1974 1131 2033 sup

101 2056 157 2136 jam
172 2053 314 2115 monitum
327 2065 381 2116 est.
397 2053 560 2115 Transcribi
575 2051 635 2116 sere
647 2054 784 2116 lectiones
801 2053 857 2115 itlae
868 2063 1007 2130 excerpta
1021 2071 1057 2111 ex
1068 2072 1128 2111 uno

100 2153 220 2214 alterurn
232 2154 371 2234 exemplar
383 2155 495 2230 solent,
508 2176 568 2216 non
580 2154 645 2215 setis
656 2154 820 2238 diligentem
837 2152 1028 2215 admiscentur
1036 2151 1108 2225 alia,
1124 2172 1131 2210 r

101 2254 304 2317 rescinduntur
311 2256 464 2328 nonnulla;
477 2269 538 2316 tum
547 2256 615 2318 fides
627 2267 656 2316 ct
666 2256 805 2333 pretium,
818 2254 897 2338 quod
908 2255 943 2315 iis
955 2253 1039 2314 statui
1049 2250 1131 2313 debet

104 2353 249 2428 doctrina,
267 2377 332 2416 cura
344 2376 376 2415 ec
389 2354 444 2417 fide
459 2359 519 2439 ejus
536 2356 658 2434 pendet,
678 2358 727 2438 qui
742 2356 850 2436 primus
867 2378 883 2416 c
899 2355 998 2417 codice
1014 2354 1110 2435 nliquo
1127 2378 1131 2409 ι

102 2453 222 2514 notavit.
234 2455 276 2515 tlt
287 2453 376 2539 libros
388 2456 511 2531 scriptos
522 2456 608 2518 docte
617 2478 650 2518 ae
659 2457 714 2518 rite
727 2456 877 2529 conferre,
894 2455 973 2536 quod
983 2454 1072 2539 vulgo
1084 2476 1131 2514 um

103 2553 223 2634 quisque
235 2554 264 2611 in
279 2576 309 2612 se
323 2554 443 2629 recipit,
458 2574 505 2613 res
514 2564 559 2613 est
572 2574 682 2636 magnas
697 2553 837 2617 doetrinae
850 2566 880 2615 et
890 2553 998 2638 ingenii
1011 2553 1131 2615 multisr

100 2652 206 2735 riisqne
214 2651 421 2715 litterisversnti
429 2652 644 2736 sagacitatisque
651 2675 711 2715 non
718 2653 855 2738 vulgaris,
864 2654 1131 2732 imprimisautemar

101 2753 307 2832 diplomaticae,
316 2752 422 2815 criticae
431 2775 463 2814 ac
470 2753 629 2829 litteratim,
638 2755 739 2816 notitia
746 2754 884 2816 imbutum
890 2776 951 2816 csse
960 2778 1032 2833 opus
1039 2768 1131 2816 csteur

101 2855 167 2936 qui,
180 2853 228 2928 id,
241 2853 320 2935 quod
333 2876 349 2915 e
360 2853 459 2915 codice
473 2855 646 2916 euocandum
658 2855 710 2930 sit,
723 2856 818 2917 videre
828 2869 857 2915 et
867 2854 1088 2916 animdvertere
1097 2879 1131 2917 vu

102 2954 181 3017 Alius
192 2953 304 3037 colligit
311 2975 342 3014 ec
352 2954 429 3015 tollit
439 2954 555 3031 sordes,
566 2977 666 3017 aurum
680 2955 824 3038 relinquit
835 2954 1028 3037 Reperiuntur
1036 2967 1131 3016 autem

144 3058 178 3116 ln
201 3054 373 3116 bibliotheca
389 3054 542 3117 barberino
556 3057 681 3132 Romae,
704 3061 756 3130 (v.
772 3055 860 3116 caut.
877 3055 962 3137 bujus
980 3052 1047 3114 bibl.
1064 3056 1131 3116 Ron

103 3152 199 3229 1681,
215 3153 265 3217 lol.
282 3168 354 3218 tom.
374 3158 424 3230 ll,
442 3181 470 3236 p.
486 3154 581 3234 464.)

140 3256 246 3319 Aldina
261 3255 357 3332 1502,
374 3279 438 3319 eum
453 3258 531 3319 notis
547 3269 575 3318 et
591 3258 674 3322 variis
684 3257 749 3318 lect.
761 3255 838 3318 MSS
855 3278 862 3314 ε
878 3278 942 3337 quae
954 3253 1029 3318 forte
1040 3258 1083 3316 tt.
1094 3256 1131 3316 Ar

99 3359 208 3421 Poccbi
218 3371 306 3419 sunt:
324 3358 500 3437 transcriptae
513 3380 554 3421 eae
569 3381 584 3419 a
600 3357 697 3419 multis
714 3358 745 3417 in
759 3354 923 3434 exemplaria
936 3356 997 3416 alia.

144 3466 178 3522 ln
190 3460 281 3521 catat.
295 3460 373 3521 MSS
381 3458 473 3542 Angl.
485 3472 515 3520 et
529 3458 597 3519 Hib.
611 3472 682 3521 tom.
699 3459 746 3533 ll,
763 3457 838 3518 inter
851 3456 941 3518 libros
952 3457 1031 3517 MSS
1043 3456 1131 3519 Edunt

102 3559 239 3620 Bernardi
253 3573 455 3621 memorantur.

143 3661 181 3720 N.
201 3657 289 3742 7502.
314 3658 459 3734 Catullus,
479 3658 634 3732 Tibullus,
651 3659 783 3736 Propert.
806 3655 841 3733 3,
859 3660 901 3735 l„
918 3655 952 3731 5,
969 3656 1078 3730 iidem,
1100 3677 1131 3718 cu

103 3761 181 3822 MSS
198 3758 304 3820 collati.

143 3862 179 3921 ln
197 3858 369 3922 bibliotheca
385 3861 556 3935 bodleiana,
574 3863 653 3944 cujus
673 3859 827 3944 Catelogus
850 3861 1054 3944 impressorum
1075 3859 1131 3921 edit

101 3961 210 4023 Oxonii
224 3958 317 4045 1738,
330 3961 502 4039 locupletior
512 3961 666 4044 antiquiori
677 3960 711 4023 ab
721 3963 778 4024 Tb.
792 3963 875 4044 Hyde
886 3961 1057 4026 concinnato
1070 3963 1131 4024 Oxc

104 4058 200 4144 1674,
218 4060 256 4121 ibi
275 4073 344 4123 torn.
364 4064 394 4138 l,
413 4084 441 4144 p.
462 4059 529 4123 206.
