2550 4972
247 637 534 735 ennoran'uu
564 670 880 735 anouunura
1043 675 1100 756 cuj

293 835 295 840 ’
377 830 622 936 uenum
653 830 720 903 ru.

69 987 173 1071 Elegia
186 987 249 1051 lame
259 987 403 1050 somnium
420 987 539 1066 exponit
550 1007 601 1066 per
615 987 696 1069 qnod
708 986 816 1069 Apollo
831 986 858 1048 ei
874 998 1055 1070 apparuerat,
1075 999 1105 1047 et

29 1088 65 1149 de
79 1089 194 1150 Neaerae
207 1086 399 1149 inconstantia
416 1087 534 1169 dataque
549 1086 597 1148 alii
612 1086 675 1150 viro
692 1087 747 1148 fide
759 1100 916 1150 monuerat.
936 1088 993 1148 Hic
1009 1086 1105 1171 itaque

32 1188 121 1268 prima
131 1186 258 1270 suspicio
273 1187 414 1265 nascitur,
432 1209 516 1270 quarn
526 1189 558 1249 in
567 1187 657 1266 prima
670 1188 760 1271 elegia
770 1191 825 1270 jam
836 1201 944 1249 auctam
955 1211 1017 1251 esse
1026 1189 1105 1251 vidi·

33 1311 109 1360 mus;
128 1288 221 1372 prima
234 1288 311 1350 enim
327 1287 429 1351 ordine
444 1288 603 1371 temporis,
626 1289 698 1349 hanc
711 1301 844 1371 sequntur
863 1301 987 1366 oportet

421 1473 627 1548 ELEGIA
661 1475 703 1544 V.

72 1630 166 1703 Mihi,
189 1642 221 1690 ut
230 1631 361 1705 videtur,
377 1643 462 1709 poeta
474 1631 513 1693 ol)
523 1631 628 1693 amoris
644 1630 743 1692 nimias
755 1629 961 1692 sollicitudines
977 1642 1105 1713 aegrota-

41 1730 87 1802 lat3
97 1733 228 1793 Neaeram
237 1731 466 1795 enimaliilavere
475 1735 528 1816 jam
538 1731 648 1813 liquido
660 1743 837 1809 compertum
848 1729 1042 1806 eratTibullo,
1055 1730 1107 1814 qui

41 1828 88 1892 hoc
99 1830 262 1893 infortunio
270 1831 387 1893 maxime
397 1853 566 1911 percussus,
579 1831 614 1891 ad
623 1830 729 1892 amicos
741 1831 856 1904 scribit,
866 1831 917 1913 qui
925 1831 1063 1892 Thermas
1075 1831 1106 1891 in

45 1928 147 1990 Etonia
157 1930 291 1992 adierant.
307 1934 393 1993 Sexta
403 1931 493 2017 elegia
505 1931 582 1993 inter
591 1931 662 1991 hanc
676 1944 705 1991 et
716 1930 892 2013 superiorem
905 1930 1038 2008 ponenda
1047 1942 1104 1992 est:

48 2050 93 2090 non
104 2031 221 2112 quidem
231 2030 353 2113 qualiter
365 2054 427 2093 eam
438 2032 564 2094 editores
576 2030 728 2113 proferunt
740 2031 885 2112 sexaginta
893 2029 1022 2091 versibus
1035 2029 1107 2091 lon-

49 2149 117 2209 gtn,
140 2133 193 2194 sed
206 2132 296 2215 qualis
314 2132 344 2194 in
360 2132 440 2195 libris
456 2130 590 2194 omnibns
612 2131 758 2204 occurrit,
783 2131 900 2217 triginta
915 2130 1037 2191 dnobus.
1064 2133 1107 2190 lta

50 2231 110 2293 tnim
122 2244 207 2311 poeta
224 2233 274 2315 qui
285 2234 355 2308 hac,
371 2233 527 2297 valetudini
543 2231 700 2313 obnoxius,
715 2231 826 2315 jamjam
840 2230 997 2293 moriturus
1014 2234 1106 2313 jacet,

52 2348 111 2397 sexta
126 2335 179 2416 (id
187 2347 233 2398 est
241 2336 449 2413 antecedente)
466 2335 546 2397 dolet
563 2345 689 2407 tantum,
710 2354 802 2415 neque
820 2354 871 2415 spe
881 2331 1103 2395 adhncomnioo

53 2449 119 2498 caet.

412 2570 616 2645 ELEGIA
651 2571 714 2643 tl.

81 2726 145 2789 Vide
155 2752 222 2811 quae
238 2729 273 2790 ael
284 2729 411 2812 quintam
430 2730 560 2791 diximus.
578 2731 698 2792 AEstuat
713 2729 808 2790 miseri
821 2727 939 2789 amantis
951 2727 1059 2788 animus
1075 2727 1105 2786 in

54 2840 132 2890 tunes
151 2843 245 2908 partes
262 2830 431 2904 distractus,
455 2831 525 2893 vino
547 2831 679 2894 dolorem
699 2842 830 2891 excutere
849 2828 954 2890 frustra
975 2839 1103 2889 conatur.

56 2920 120 2989 l'tnti
132 2933 282 2990 temeratrix
298 2942 406 2991 volu...
423 2931 580 3013 diripienda
594 2931 699 2992 lerunt.

399 3090 611 3163 aueum
646 3046 735 3163 vn.

82 3243 132 3308 Cur
147 3269 251 3311 noram
269 3247 468 3310 constituerim
488 3269 504 3306 e
519 3246 558 3308 32
575 3244 688 3307 (luobus
706 3244 853 3319 versibus,
871 3244 920 3327 qui
941 3245 973 3304 in
988 3244 1104 3328 reliquis

55 3341 206 3412 titionibus
223 3360 309 3410 sextae
325 3349 424 3434 elegiae
439 3367 586 3430 perperam
602 3345 786 3419 adtexnntur,
804 3342 836 3404 in
853 3343 930 3406 notis
946 3343 1037 3406 fusius
1052 3366 1107 3405 ex·-

56 3439 130 3520 plicui.
139 3450 228 3511 Poeta
240 3447 290 3530 qui
299 3447 384 3522 vino,
394 3447 445 3529 qui
455 3466 562 3506 securo
571 3467 678 3506 mensa
687 3444 792 3507 frustra
803 3445 943 3519 conlisus,
955 3445 1027 3505 nihil
1039 3445 1105 3506 inde

55 3542 233 3610 tlunandnm
244 3568 368 3610 amorem
379 3546 554 3630 proiecerat,
564 3545 679 3620 fatetur,
690 3545 762 3607 male
774 3545 912 3628 componi
923 3545 1011 3605 risum
1020 3567 1106 3607 meu-

56 3639 99 3708 tei
113 3670 174 3712 ore.
195 3646 392 3712 Nihilominus
408 3646 508 3709 Lenaei
522 3648 608 3729 patris
627 3668 755 3719 memor,
773 3645 865 3707 tristia
882 3644 967 3708 verba
981 3645 1106 3707 exsulare

54 3743 124 3824 iulet
132 3753 220 3813 Tunc
227 3751 455 3834 juvenesmonet
466 3770 503 3813 ne
513 3748 615 3827 puella.
625 3747 756 3830 perjuriis
767 3767 827 3810 sese
835 3746 895 3825 capi
902 3744 1011 3820 sinant,
1023 3769 1108 3809 aesn-

53 3840 99 3912 lito
114 3851 150 3913 (le
165 3849 254 3913 amica
268 3849 528 3926 commonefactus,
545 3849 606 3931 ejus
622 3847 766 3926 perfidiam
782 3847 863 3910 valde
879 3846 989 3909 sancius
1004 3846 1108 3909 deflet:

53 3946 159 4036 lenique
173 3972 302 4015 amorem
321 3972 421 4013 rursus
437 3949 516 4034 parvi
534 3950 659 4029 pendere
672 3949 795 4015 videtur.
816 3948 929 4028 Scripta
942 3950 1005 4014 haec
1020 3949 1110 4036 elegia

50 4057 108 4116 tnnc
120 4075 212 4138 quum
228 4050 326 4126 Delia,
341 4052 389 4112 alii
405 4064 546 4134 nuptura,
564 4049 653 4129 ipsius
667 4051 765 4133 ignem
778 4049 997 4127 contemnebat,
1015 4072 1109 4132 neque

46 4151 234 4234 jandolorenr
242 4152 324 4213 amici
338 4152 460 4215 curabat.
473 4152 531 4213 llic
541 4151 638 4213 videre
650 4164 709 4226 est,
721 4151 869 4233 qnomdo
880 4165 964 4235 poeta
978 4152 1110 4234 paulatim

43 4254 201 4340 suspitione
213 4252 329 4328 mum,
344 4275 413 4316 mox
427 4252 492 4314 mali
504 4252 639 4316 violentia
655 4251 686 4310 in
701 4250 761 4313 dies
774 4265 933 4329 crescente,
949 4253 1063 4312 tandem
1080 4252 1110 4309 iu

40 4355 170 4422 ulan
178 4354 313 4419 inciderit
322 4352 403 4435 (ride
411 4354 528 4440 elegiam
538 4353 700 4437 quintam),
713 4352 816 4416 deinde
825 4354 948 4416 relectus
960 4352 1109 4430 paulatim,

37 4459 123 4526 mdo
135 4458 264 4539 pristino
276 4456 379 4522 affeetu
392 4469 491 4540 raptus
503 4456 558 4532 sit,
573 4455 661 4519 modo
675 4454 787 4520 vulneri
799 4454 906 4519 mederi
920 4454 1056 4533 cupiens,
1073 4474 1108 4514 eo
