2580 5002
241 684 509 751 conminus
539 688 600 749 ur
629 686 963 749 unrrrouruus.
1069 650 1134 747 'aa
1265 674 1267 681 ’

65 812 159 876 adhuc
175 815 390 892 recensuimus,
414 830 443 878 et
465 818 557 896 posita
573 819 604 878 iu
624 817 720 880 lroute
743 818 901 880 editionum
928 816 1076 891 omnium,
1101 817 1137 877 ab

67 913 218 976 Huschhio
235 915 299 994 ipso
313 920 444 1000 princeps
461 917 534 979 dieta
550 930 579 980 et
596 918 705 997 major,
730 919 795 1001 quia
816 938 926 981 revera
937 917 1051 1001 majoris
1069 939 1137 977 mo-

68 1012 129 1076 duli
146 1026 212 1089 est,
231 1038 315 1098 quarn
331 1016 404 1091 illae,
419 1040 472 1080 uec
486 1030 596 1093 tamen,
614 1018 692 1100 quod
709 1018 822 1101 quidam
837 1018 1014 1081 tradiderunt
1024 1017 1136 1076 littera-

67 1128 166 1188 tores,
178 1116 308 1190 marinii,
327 1117 397 1192 sed,
414 1131 501 1197 prout
513 1119 653 1203 margines
666 1120 781 1181 latiores
795 1142 810 1180 a
823 1119 994 1203 glutinatore
1005 1117 1069 1197 plus
1084 1117 1138 1177 mi·

68 1234 160 1277 unsre
175 1215 258 1289 accisi
272 1230 360 1292 sunt,
377 1240 455 1279 nunc
471 1219 505 1280 ab
521 1220 572 1280 hac
588 1220 681 1298 specie
697 1220 815 1303 propius
830 1219 924 1294 abest,
942 1241 1019 1281 nunc
1032 1216 1068 1279 ab
1080 1217 1137 1278 illa.

67 1319 133 1377 dam
150 1339 237 1398 quum
253 1318 315 1378 haec
327 1318 415 1379 editio
432 1320 536 1380 nullam
553 1342 606 1382 uec
623 1321 679 1382 loci
696 1343 749 1383 uec
766 1320 888 1381 officinae
903 1331 1000 1381 uotam
1015 1318 1138 1380 subscri-

67 1428 144 1494 ptam
160 1415 279 1492 babeat,
299 1418 404 1480 lactum
421 1433 484 1494 est,
500 1433 534 1482 ut
550 1420 606 1482 viri
619 1421 697 1482 docti
715 1421 752 1481 de
768 1421 855 1503 patria
869 1433 898 1481 et
912 1433 1028 1481 auctore
1042 1418 1138 1501 operis

66 1515 262 1579 dissentirent.
284 1519 328 1581 Ac
344 1519 466 1602 primum
484 1521 597 1604 quidem
612 1522 722 1584 Lairius
740 1523 769 1582 in'
784 1522 906 1600 Specim.
922 1521 1062 1581 Historic.
1080 1521 1138 1602 Ty-

65 1638 152 1700 pogr.
165 1620 253 1680 Rom.
265 1620 298 1680 P.
313 1621 343 1682 ll
356 1664 365 1694 ,
379 1644 407 1703 p.
427 1618 504 1697 186,
523 1644 651 1683 excusam
663 1643 723 1685 eam
734 1642 794 1683 esse
809 1621 975 1704 opinabatur
984 1618 1018 1679 ab
1034 1619 1138 1680 Ulrico

65 1718 181 1790 Hanio;
205 1719 276 1793 sed,
293 1719 430 1783 refutatus
448 1722 482 1784 ab
500 1722 694 1798 Audillredo,
716 1736 814 1806 postea
831 1723 862 1784 iu
892 1723 954 1784 lud.
969 1719 1084 1782 Libror.
1104 1718 1140 1780 ab

63 1817 183 1880 iuventa
198 1821 367 1903 typograph.
381 1821 416 1882 ad
430 1845 474 1883 au.
496 1821 594 1896 1500,
615 1825 649 1884 P.
666 1826 697 1897 l,
714 1846 744 1905 p.
759 1821 837 1910 289,
853 1845 868 1884 e
885 1822 997 1885 Nicolai
1009 1820 1118 1882 Jcrrsou
1126 1865 1136 1893 ,

64 1919 238 2004 typographi
261 1922 384 1996 Veneti,
405 1921 517 1986 officina
532 1924 671 2006 prodiisse
685 1924 833 1985 statuebat.
857 1923 953 1985 Hodie
971 1944 1071 1984 omues
1088 1942 1139 1981 ac-

65 2020 168 2082 cedere
184 2021 268 2083 rideo
286 2022 447 2086 Audiffredi
465 2026 614 2088 sententiae
628 2072 637 2099 ,
660 2026 710 2108 qui
726 2026 798 2086 hauc
812 2024 969 2086 editionem
987 2024 1015 2084 in
1030 2025 1140 2085 Veneta

66 2121 202 2204 quidem,
221 2122 270 2185 sed
286 2124 432 2187 Vindelini
449 2126 591 2208 Spirensis
607 2125 719 2189 officina
734 2147 893 2206 expressam
909 2147 971 2188 esse
989 2124 1141 2206 proposuit

65 2223 99 2283 iu
120 2222 248 2306 Catalog.
266 2223 368 2286 histor.
389 2226 480 2290 critic.
501 2229 694 2289 Romanarum
712 2226 779 2287 edd.
802 2226 907 2287 Saeculi
924 2224 1001 2298 xil,
1020 2247 1048 2302 p.
1074 2221 1139 2282 123.

68 2322 146 2397 Quae
161 2323 323 2402 conjectura
340 2322 414 2383 haud
430 2346 529 2404 parum
551 2345 586 2385 eo
602 2322 806 2399 confirmatur,
833 2324 912 2406 quod
927 2334 1000 2383 teste
1014 2323 1137 2395 eodem,

68 2443 179 2482 summa
193 2421 348 2483 interhauc
363 2434 392 2482 et
405 2422 561 2496 Martialis,
576 2447 592 2485 a
604 2422 759 2487 Vindeliuo
775 2425 808 2483 de
818 2425 905 2505 Spita
919 2434 1058 2497 curatam,
1075 2423 1141 2484 edi-

68 2522 180 2584 tionem
195 2522 344 2584 intercedit
356 2544 416 2584 uou
431 2535 564 2606 typorum
581 2523 687 2596 modo,
703 2523 753 2583 sed
764 2523 868 2584 chartae
879 2523 961 2585 etiam
973 2519 1139 2584 similitudo.

111 2623 207 2703 Hujus
223 2622 356 2684 editionis
370 2622 443 2683 illud
458 2622 616 2706 exemplar,
634 2622 731 2703 quod,
749 2635 821 2685 teste
836 2623 982 2684 Beruardo
996 2623 1031 2683 de
1041 2624 1141 2683 Mout-
1186 2652 1189 2657 ·

56 2716 188 2796 suasori,
202 2730 223 2778 t.
240 2720 273 2792 l,
290 2742 318 2798 p.
336 2717 416 2804 309,
432 2744 461 2780 u.
478 2719 535 2794 24,
554 2719 709 2782 Florentiae
725 2720 755 2780 iu
771 2717 942 2783 bibliotheca
953 2721 1140 2781 Laurentiaua

67 2830 177 2879 exstare
193 2820 324 2902 Heyuius
340 2820 459 2895 scribit,
481 2833 580 2905 postea
590 2820 620 2881 iu
631 2820 831 2884 bibliothecam
845 2821 971 2904 ejusdem
986 2820 1063 2882 urbis
1074 2823 1141 2882 bla-

69 2918 288 3000 gliabechianam
303 2921 469 2983 translatum
483 2944 567 2996 esse,
590 2934 695 3005 palate
713 2920 796 2983 Ferd.
814 2921 908 2983 Fossii
928 2921 1067 3004 catalogo
1087 2943 1140 2982 co-

71 3019 169 3081 dicum
183 3024 256 3083 Saec.
273 3023 345 3098 XV,
363 3034 455 3084 etot.
473 3025 504 3097 l,
521 3046 550 3101 p.
564 3023 634 3109 496.
651 3022 752 3084 fuisse
767 3035 861 3086 autem
881 3021 950 3084 olim
967 3021 1074 3105 Augeli
1086 3023 1141 3084 Po·

70 3120 180 3196 litiaui,
203 3124 320 3205 ejusque
336 3147 421 3185 mauu
442 3124 478 3184 ad
496 3125 651 3206 marginem
672 3123 797 3198 Catulli,
818 3123 929 3185 Tibulli
951 3134 980 3183 et
996 3123 1141 3201 Propertii

70 3221 189 3300 scriptas
206 3223 308 3285 babere
327 3225 544 3298 annotationes,
569 3236 668 3286 contra
691 3223 965 3298 llloutelalcouium,
992 3225 1028 3287 de
1042 3225 1094 3285 hac
1108 3246 1140 3286 re

74 3322 270 3399 dubitantem,
292 3325 476 3403 comprobare
500 3325 630 3388 studebat
649 3326 806 3387 Baudiuius
826 3326 857 3385 iu
882 3325 1021 3408 Catalogo
1043 3325 1139 3387 Codd.

72 3425 150 3485 Latt.
167 3425 306 3487 Biblioth.
323 3427 427 3488 Medic.
445 3429 580 3489 laurent.
599 3439 622 3486 t.
641 3429 688 3500 ll,
704 3449 733 3504 p.
748 3423 807 3510 96,
825 3447 884 3508 seq.
901 3446 935 3486 ex
958 3426 1009 3485 hac
1025 3425 1140 3487 Catullo

72 3525 225 3609 praeposita
237 3527 384 3590 notatione
401 3551 408 3587 ε
423 3528 530 3608 Augeli
544 3527 682 3588 Politiuni
693 3538 721 3586 et
736 3529 889 3587 amicomm
895 3549 908 3597 ,¹
926 3549 990 3607 quar
1005 3526 1140 3587 inferiore

74 3626 142 3688 loco
157 3650 248 3710 graece
262 3629 400 3710 tepetilur
412 3630 468 3690 sict
485 3622 599 3712 dpplluu
610 3643 696 3710 κτῆμα
708 3641 754 3692 τοῦ
767 3633 919 3692 noliacum
933 3631 1038 3689 καὶτῶν
1052 3633 1141 3708 φίλων.

73 3729 115 3790 Et
135 3727 171 3789 ad
193 3731 295 3791 calcem
312 3731 457 3815 Propertii
481 3733 616 3815 leguntur
631 3732 716 3792 haec:
737 3728 892 3802 «Catulli,
910 3727 1041 3804 Tibulli,
1063 3730 1141 3791 Pro-

73 3829 214 3913 periitque
229 3830 339 3893 libellos
356 3833 430 3911 coepi
446 3854 500 3918 ego
519 3830 650 3914 Angelus
665 3830 822 3891 Politiauus
839 3831 894 3912 jam
907 3828 973 3890 inde
990 3849 1005 3888 a
1022 3829 1142 3912 pucritia

73 3942 192 3993 tractare
214 3943 243 3991 et
261 3954 314 4009 pro
339 3933 428 3994 aelatis
450 3935 509 4016 ejus
527 3930 634 4015 judicio
659 3930 704 3991 vel
723 3930 866 4015 corrigere
881 3929 926 3990 vel
943 3929 1140 4008 interpretari3

73 4053 133 4113 quo
144 4032 193 4106 lit,
209 4042 242 4093 ut
253 4033 341 4092 multa
354 4053 388 4092 ex
400 4031 440 4093 eis
455 4054 492 4094 ue
503 4032 563 4110 ipse
575 4031 689 4114 quidem
702 4029 788 4106 satis,
804 4043 837 4091 ut
848 4052 926 4091 nuuc
936 4041 998 4104 est,
1011 4029 1141 4112 probem.

72 4134 134 4209 Qui
148 4132 247 4218 leges,
264 4154 314 4210 ue,
328 4155 442 4215 quaeso,
460 4134 506 4195 vel
522 4133 630 4217 ingenii
645 4132 689 4193 vel
706 4132 844 4192 doctriure
860 4132 904 4193 vel
922 4130 1076 4217 diligentiae
1092 4152 1143 4191 uo·

72 4245 141 4294 strae
154 4232 222 4294 binc
235 4233 289 4295 tibi
307 4236 500 4316 conjecturam
516 4246 565 4294 aut
577 4232 713 4316 judicium
728 4231 823 4293 facito.
845 4231 989 4295 Permulta
1002 4229 1077 4291 enim
1092 4229 1143 4290 iu-

72 4332 182 4396 luerint
193 4335 240 4412 (ut
254 4332 387 4395 Plautino
403 4343 466 4394 utar
482 4331 587 4409 verbo)

240 4455 283 4510 ure
297 4476 411 4529 quoqne,
424 4456 468 4528 qur
481 4455 581 4528 serpit,
594 4455 676 4528 jaare.
689 4455 767 4526 arga.
781 4454 836 4508 lini.

400 4569 488 4632 huno
510 4566 775 4632 mcccclxxv.
790 4592 806 4622 a
