2550 4972
103 332 133 418 oj
494 333 554 393 nn
581 335 781 396 ernusti

101 461 198 525 venire
213 462 333 524 lectioni
348 463 444 537 illius,
467 465 573 525 rectius
591 464 760 548 colligebat,
780 467 843 527 haec
867 467 974 529 diversa
994 482 1059 530 esse
1080 485 1168 529 eren·

100 564 196 645 pluria.
212 564 368 648 Quumque
384 564 536 625 lectionem
551 564 686 626 tributam
703 564 824 628 editioni
842 588 888 627 an.
910 566 1009 647 1474,
1026 564 1165 645 reperisset

100 664 133 724 in
148 663 275 726 editione
289 687 335 725 an.
357 663 451 747 1472,
471 687 529 725 non
548 663 706 740 dubitabat,
725 666 797 726 banc
813 664 856 725 illi
869 664 1052 728 substituere.
1075 667 1162 727 fliete

101 786 155 824 nus
163 777 257 833 recte;
269 766 362 827 sedita
373 764 504 825 nondum
515 763 685 847 intelligitur
693 808 702 838 ,
710 766 745 826 ad
755 778 844 826 utram
851 764 1009 827 editionem
1019 786 1065 827 an.
1078 765 1157 848 1472,

101 863 271 943 pertinuerit
280 863 352 925 illud
366 863 575 926 Almeloveenii
590 864 763 946 exemplum,
780 864 813 924 sd
829 867 966 948 majorem
979 885 1016 924 an
1029 865 1064 926 ad
1079 865 1158 926 mine

101 984 171 1023 rem.
198 967 272 1024 Nam
286 975 404 1045 utraque
422 966 455 1036 l,
476 981 517 1036 ιι,
541 984 575 1036 2,
595 962 677 1024 hebet
693 965 764 1022 choo
789 987 797 1020 :
816 964 860 1023 ed.
878 964 975 1047 1475,
994 986 1055 1023 ceu.
1075 963 1156 1024 nrm

100 1077 214 1146 apparet
227 1084 261 1124 ex
276 1063 366 1127 altero
383 1063 525 1141 Propertii
541 1063 608 1123 loco
626 1064 683 1137 lV,
701 1080 782 1135 vtu,
797 1064 825 1139 4.

265 1213 316 1266 Hic
328 1212 373 1264 ubi
387 1223 442 1264 tam
457 1232 525 1264 mroe
539 1231 590 1263 non
603 1209 740 1284 perithon
753 1229 838 1265 mort.

102 1348 162 1409 Ubi
177 1347 280 1407 iterum
300 1347 499 1409 Broultbusius
516 1346 638 1409 scribit:
663 1373 678 1400 α
690 1346 821 1424 prolecto
838 1360 1001 1425 poteramus
1018 1368 1082 1408 esse
1096 1365 1160 1408 con-

101 1447 175 1511 tenti
192 1448 316 1509 lectione
330 1460 457 1511 veterum
474 1447 715 1521 membranarum,
732 1450 778 1508 bic
794 1449 845 1507 ubi
858 1459 916 1509 tom
933 1470 1029 1523 ram,
1050 1456 1162 1530 quamet

101 1552 209 1610 Veneta
219 1548 308 1609 editio
319 1549 457 1622 servavit,
473 1561 503 1609 et
516 1548 563 1608 itta
573 1570 638 1630 quae
647 1549 784 1609 Venetam
796 1569 871 1609 anno
882 1569 942 1609 uno
953 1562 1161 1627 praecesserat.»
1201 1586 1206 1663 p

103 1653 172 1726 Quo
188 1651 252 1712 loco
268 1650 312 1710 ed.
329 1651 399 1710 min.
415 1671 460 1709 an.
480 1649 576 1733 1472,
595 1673 673 1711 num.
691 1653 754 1723 lll,
772 1650 875 1710 babet:
897 1651 945 1709 bic
959 1651 1015 1710 tibi
1033 1663 1161 1712 lunone.
1204 1670 1206 1725 ;

102 1753 148 1812 Ex
166 1773 225 1833 quo
241 1763 371 1830 apparet,
388 1749 597 1812 Almeloveenii
614 1751 772 1832 exemplum
790 1772 849 1811 non
866 1751 1040 1827 pertinuisse
1053 1752 1089 1814 ad
1102 1753 1162 1812 banc

100 1851 265 1913 editionem.
279 1853 320 1911 At
327 1850 401 1911 enim
411 1851 455 1911 ed.
465 1853 554 1933 major
562 1872 607 1910 sn.
619 1847 694 1932 ¹47²
706 1851 795 1923 ,sicut
802 1852 911 1910 Veneta
918 1850 1008 1913 editio
1017 1874 1064 1914 sn.
1078 1849 1163 1936 1475,

100 1951 231 2027 exbibet,
255 1955 302 2013 bic
316 1953 367 2013 uhi
379 1963 437 2012 tam
456 1973 538 2014 rora.
555 1954 636 2034 Ergo
652 1950 857 2014 Atmetoveenii
871 1952 1036 2034 exemplum
1051 1954 1087 2016 ad
1108 1952 1163 2017 edi-

99 2052 209 2114 tionem
224 2076 268 2115 an.
290 2052 391 2136 1472,
408 2075 486 2114 num.
504 2054 567 2126 Ν,
588 2050 757 2131 pertinuerit
777 2073 890 2114 necesse
912 2064 956 2111 est
972 2075 980 2111 ι
998 2053 1057 2114 nisi
1077 2070 1164 2114 revera

100 2156 207 2216 exstitit
222 2157 388 2235 Propertius
401 2177 478 2216 anno
498 2154 585 2240 ¹474·
603 2154 663 2216 Sed
675 2153 723 2214 bic
738 2176 752 2241 e
767 2154 880 2215 nemine
896 2168 1094 2229 memoratur,
1117 2151 1165 2214 nisi

100 2278 116 2316 s
133 2255 292 2332 blaittsrio,
307 2269 378 2319 tom.
390 2261 404 2319 l
416 2281 462 2342 ,p.
479 2273 509 2330 1,
525 2278 587 2339 pag.
599 2251 676 2329 336,
693 2254 812 2330 decepto
823 2274 839 2313 a
850 2252 1001 2327 Fabricio,
1019 2254 1098 2317 Bibl.
1111 2256 1166 2315 Lst

101 2369 174 2416 tom.
192 2359 229 2428 l,
252 2379 311 2439 cap.
331 2374 408 2431 xlv,
427 2381 456 2435 p.
480 2356 561 2440 259,
582 2354 627 2416 ed.
645 2353 748 2415 Hsmb.
764 2354 810 2424 V,
829 2376 914 2434 quem
928 2353 1058 2416 vicissim
1072 2353 1167 2417 delusit

102 2455 309 2517 Brouklrusius.
323 2457 490 2534 Propertius
501 2455 590 2538 igitur
602 2476 636 2515 er
644 2476 721 2514 anno
735 2450 812 2529 1474
824 2496 833 2525 ,
845 2451 920 2514 abire
932 2456 1047 2534 jussus,
1063 2475 1167 2526 seeum,

104 2555 159 2616 nisi
179 2555 280 2629 fallor,
303 2555 411 2617 soleret
427 2554 575 2617 Tibullum
592 2555 800 2633 Bipontinum,
824 2566 909 2635 atque
930 2553 1002 2615 adeo
1028 2556 1169 2618 Catullum

103 2653 309 2717 Sentenianum
322 2679 356 2718 ex
368 2655 413 2716 ed.
426 2657 513 2716 Rom.
524 2677 569 2716 an.
588 2653 681 2738 1474,
698 2677 764 2736 quae
774 2654 876 2732 passim
887 2654 991 2715 citatur
1004 2655 1039 2715 sd
1049 2656 1169 2739 Elegisn

103 2757 288 2819 aLaurentio
304 2779 435 2819 seorsum
449 2757 568 2829 edium,
586 2781 614 2817 v.
631 2779 655 2818 c.
672 2757 710 2816 sd
728 2779 755 2816 v.
776 2755 823 2838 75.
845 2753 1014 2815 Huscttius
1030 2757 1063 2817 in
1077 2758 1129 2820 bac
1144 2775 1170 2816 re

104 2859 330 2921 consentientem
344 2857 428 2919 babet
442 2856 637 2920 doctissimum
655 2857 766 2929 virum,
789 2857 948 2936 Voupreet,
964 2856 1169 2928 Parisiensem,

53 3006 56 3012 -
103 2980 237 3042 magnum
248 2982 319 3038 opus
332 2958 367 3020 de
380 2957 553 3020 editionibus
568 2979 633 3019 saec.
651 2958 719 3030 XV,
733 2968 876 3035 parantem
893 2968 922 3018 et
939 2958 1171 3028 confirmantem,

100 3072 175 3123 teste
189 3061 315 3124 Bardilin
329 3059 492 3143 exemplaris
507 3059 553 3120 illa
566 3056 692 3132 catulli,
706 3056 834 3130 Tibulli,
848 3057 1011 3134 Propertii,
1025 3057 1168 3144 anadyl,

102 3184 254 3244 nrrmqusm
269 3161 417 3225 exstitisse.

296 3361 340 3432 V.
368 3357 478 3432 Edetb
497 3356 633 3440 Veneto,
654 3383 707 3428 an.
732 3352 839 3450 1475,
857 3349 970 3422 in·sol.

144 3513 249 3575 Catulli
268 3514 443 3576 Veronensis
468 3510 701 3593 Epigrammston
718 3503 854 3564 Libellus.
877 3503 957 3564 Attii
984 3505 1108 3569 Tibulli.
1132 3533 1177 3592 eq.

101 3617 191 3677 Rom.
205 3616 315 3677 Poetae.
331 3613 378 3676 Cl.
394 3611 475 3671 Libri
492 3612 575 3687 (tv).
589 3604 734 3684 Propertii
750 3601 863 3663 Aurelii
880 3617 979 3666 nautae
998 3621 1103 3685 poetae
1119 3612 1180 3673 cla-

102 3715 207 3779 rissimi
230 3714 356 3798 Elegiae
379 3710 460 3774 Libri
482 3711 561 3787 (IV).
585 3709 619 3768 P.
645 3703 755 3785 Papinii
781 3704 864 3767 Statii
890 3705 1006 3767 Surculi
1030 3710 1180 3774 Siluarum

104 3817 184 3879 Libri
198 3821 264 3899 (V).

144 3951 193 4013 Ad
208 3955 312 4017 calcem
329 3944 474 4024 Propertii
490 3946 618 4028 legitur:

143 4073 285 4158 Propertii
306 4063 421 4134 Aurelii
442 4077 526 4128 mute
544 4078 643 4146 poetae
663 4064 750 4138 linis,
780 4058 867 4144 1475.
887 4057 1014 4141 Catulli,
1037 4063 1181 4142 Tibulli,
