2580 5002
124 702 1153 731 Ummmtmmmmfflmmffl

360 885 563 992 ALBII
601 883 908 991 TIBULLI

283 1141 334 1270 E
361 1143 410 1272 L
438 1141 490 1270 E
523 1141 582 1272 G
615 1143 642 1270 1
673 1143 725 1274 Α
755 1144 810 1274 R
836 1145 895 1273 U
923 1145 991 1273 M

401 1422 601 1511 'LIBER
624 1425 854 1513 PRIMUS.

517 1618 753 1643 ..Φ-

416 1929 624 2015 ELEGIA
656 1915 861 2013 PRIMA'.

111 2395 329 2505 Dtvt'rtes
343 2429 427 2505 alius
445 2430 535 2504 {itlvo
552 2431 616 2505 sibi
633 2449 788 2528 congerat
804 2462 903 2521 auro,

160 2549 205 2621 Et
222 2565 331 2621 teneat
345 2546 428 2621 culti
444 2554 556 2644 jugera
572 2546 673 2620 multa
692 2547 769 2635 ooli,

116 2717 344 2787 *HaneEiegiarn
351 2716 443 2771 ordine
451 2716 564 2786 primam
571 2736 612 2771 es·
695 2737 718 2770 s.
735 2715 775 2769 De
789 2715 839 2769 hoe
850 2716 907 2770 ioco
916 2716 1088 2772 vehementer
1096 2719 1166 2774 inter

107 2813 154 2860 se,
176 2792 223 2847 sed
242 2802 361 2861 ternpore
378 2802 537 2863 postte-am
550 2793 613 2848 dicit
661 2791 921 2860 doctosdisreptstur.
934 2791 1166 2850 Codicessereom·

107 2871 234 2941 setiger,
255 2871 300 2939 qui
311 2889 366 2924 non
376 2870 464 2924 solum
475 2871 502 2924 in
513 2869 561 2926 hac
572 2890 610 2938 re,
661 2889 708 2925 nes
725 2890 818 2939 uacua
831 2870 881 2941 legi
898 2871 1009 2940 jubent;
1034 2894 1114 2944 quam
1128 2875 1168 2929 le·

106 2950 155 3006 sed
166 2950 246 3003 etism
256 2949 285 3002 in
296 2949 402 3020 singulis
414 2948 528 3005 distichis
538 2949 610 3005 ordi·
660 2950 776 3003 ctionem
789 2949 912 3020 vulpinis,
927 2950 1043 3018 Gutus,
1057 2952 1165 3019 Heniei‚

106 3028 213 3095 nandis,
226 3027 612 3096 prolibitoetsuctoritatensa·
660 3027 686 3080 J.
700 3026 817 3082 avon.
833 3038 861 3082 et
879 3047 964 3098 nuper
974 3028 1053 3083 Baeh.
1065 3029 1167 3100 ample-

109 3107 237 3177 gisqusm
249 3106 350 3158 ratione
358 3116 428 3159 certe
439 3116 466 3160 et
480 3118 612 3177 perspecta
659 3115 776 3160 ctuntur.
800 3106 898 3160 Statius
917 3115 1008 3159 contra
1027 3117 1054 3159 et
1069 3107 1167 3177 reliqui

106 3194 225 3241 versatus
243 3193 299 3247 est;
316 3193 417 3239 oonstst
428 3185 500 3238 enirn
514 3184 612 3239 Tibul·
660 3200 753 3237 ornnes
770 3187 850 3237 nulla
865 3182 1053 3252 pretulensnt3
1074 3181 1167 3236 dicunt

108 3264 165 3317 ium
173 3262 202 3316 in
214 3261 319 3315 Deliam
328 3280 418 3315 amore
429 3264 533 3331 arsisse,
551 3275 612 3319 onte
659 3260 822 3329 enitnjugeri
829 3279 935 3330 semper
941 3280 996 3314 esse
1005 3270 1106 3313 certam
1115 3279 1167 3313 rna

106 3359 191 3412 quam
202 3338 320 3394 Nemesis
331 3358 393 3391 euru
404 3341 455 3393 suis
465 3340 563 3410 legibus
572 3342 613 3396 ad·
660 3338 834 3405 guitudinenn
845 3339 872 3392 J.
882 3340 994 3392 H.Voss.
1004 3337 1128 3408 opinatur
1136 3337 1167 3390 il-

108 3417 251 3475 strinserit
262 3418 384 3487 Legimus
396 3418 464 3488 apud
475 3417 613 3488 Ovidium,
662 3414 700 3469 ios
710 3435 765 3469 sese
777 3415 884 3485 poeticos
893 3414 1001 3470 rationis
1012 3416 1167 3484 impruden·

110 3500 141 3551 in
149 3496 216 3549 libro
224 3495 265 3550 111
276 3495 422 3561 Amorum,
436 3496 555 3565 Etegnx,
567 3503 610 3552 55:
663 3502 700 3547 tea
711 3493 870 3547 ostendisse:
884 3494 976 3562 jugera
987 3493 1059 3547 enim
1071 3512 1167 3564 magna

111 3595 126 3619 e
135 3571 211 3626 Delia
220 3571 372 3639 discedens,
389 3572 504 3641 feticius,
518 3574 609 3644 inquit,
662 3570 889 3641 nihilsignifieare‚
898 3570 1102 3641 uisijugeralate
1112 3591 1168 3640 por·

108 3661 197 3706 oruata
208 3649 275 3703 Sum
288 3649 351 3703 tibi:
364 3650 463 3718 vixisti,
478 3651 542 3705 dum
554 3664 614 3708 tuus
662 3658 742 3715 recta,
751 3649 802 3714 vel,
811 3647 973 3715 simslueris,
982 3650 1104 3718 jugerum
1112 3648 1168 3703 lon·

108 3728 179 3800 ignis
187 3746 270 3781 erasn-
284 3726 336 3781 cui
347 3729 474 3796 Nemesis,
486 3730 614 3799 quiduis?
661 3747 724 3798 gunt
738 3738 859 3782 tractum.
876 3726 1002 3780 Servetur
1013 3738 1097 3796 poeto
1110 3730 1167 3794 (er-

108 3808 157 3863 tibi
169 3805 221 3860 sint
231 3824 290 3859 mea
300 3806 395 3859 demna
402 3807 485 3860 dolori
496 3808 508 3860 i
520 3808 568 3863 Me
578 3821 612 3863 te·
660 3805 756 3860 elamat
765 3802 888 3870 Baebius)
897 3825 996 3873 magna,
1016 3815 1043 3858 et
1054 3805 1168 3863 habeant

106 3884 169 3938 nuit
179 3882 297 3936 moriens
306 3882 444 3938 deficiente
458 3903 568 3939 manu.»
661 3887 741 3938 multa
748 3883 788 3937 rei
795 3880 897 3936 rustice
904 3892 1070 3949 scrutatores,
1084 3885 1165 3953 aqui-

145 3982 166 4015 s.
184 3961 327 4015 Diomedes
339 3964 531 4031 perornatum,
546 3965 612 4018 libro
661 3964 709 4018 bus
726 3963 872 4034 profectum
890 3971 936 4016 est.
966 3964 1015 4017 His
1028 3965 1165 4034 premissis

106 4043 187 4098 tertio
197 4042 231 4095 de
243 4042 374 4096 Poematis
386 4043 542 4112 generibus,
562 4044 611 4098 hoc
661 4044 735 4097 Voss.
746 4053 774 4097 et
785 4041 864 4096 Bach.
877 4043 995 4112 exempta
1012 4042 1163 4112 admovent,

106 4120 237 4175 distichon
253 4119 373 4173 reserens
383 4119 471 4173 scribit
479 4120 595 4186 conserat
600 4139 610 4187 ,·
660 4121 753 4191 quibus
764 4121 1017 4189 demonstrationem
1031 4141 1106 4175 susm
1120 4122 1163 4175 ab·

106 4201 155 4256 sed
172 4200 274 4255 codices
291 4217 383 4252 onmes
398 4199 467 4251 miro
483 4219 611 4254 consensu
658 4200 773 4267 solvant,
793 4211 823 4255 ut
834 4219 928 4268 magna
944 4203 1056 4261 talenta,
1073 4201 1163 4270 Virgii.

105 4274 612 4346 exhibentconffemmisifortesseruen-
661 4279 700 4332 ΙΧ
714 4279 819 4333 AEneid.
838 4279 902 4339 265;
916 4279 1010 4346 lingere
1025 4281 1163 4342 inmetata,

106 4359 152 4424 sis,
162 4357 208 4426 qui
218 4366 358 4427 congregas,
372 4376 387 4410 a
398 4355 512 4424 quodam
522 4357 612 4427 inepto
661 4359 755 4411 Horat
766 4358 806 4411 ill
816 4397 823 4425 ,
835 4375 917 4423 xxiv,
933 4378 970 4409 rr.
1002 4356 1083 4410 Nobis
1094 4356 1165 4408 ride·

104 4437 369 4504 Momm,
382 4436 466 4491 affert.
662 4436 897 4492 turhirsersuses
911 4436 964 4488 eliis
976 4435 1164 4488 Tituttiveni-

965 4527 981 4561 s
