<?xml version="1.0" encoding="UTF-8"?>
<!DOCTYPE html PUBLIC "-//W3C//DTD XHTML 1.0 Transitional//EN"
    "http://www.w3.org/TR/xhtml1/DTD/xhtml1-transitional.dtd">
<html xmlns="http://www.w3.org/1999/xhtml" xml:lang="en" lang="en">
 <head>
  <title>
</title>
<meta http-equiv="Content-Type" content="text/html;charset=utf-8" />
  <meta name='ocr-system' content='tesseract 3.04.00' />
  <meta name='ocr-capabilities' content='ocr_page ocr_carea ocr_par ocr_line ocrx_word'/>
</head>
<body>
  <div class='ocr_page' id='page_1' title='image "albiitibulliqua02golbgoog_0054.png"; bbox 0 0 2550 4972; ppageno 0'>
   <div class='ocr_carea' id='block_1_1' title="bbox 237 633 1130 717">
    <p class='ocr_par' dir='ltr' id='par_1_1' title="bbox 237 633 1130 717">
     <span class='ocr_line' id='line_1_1' title="bbox 237 633 1130 717; baseline -0.003 -21"><span class='ocrx_word' id='word_1_1' title='bbox 237 633 504 696; x_wconf 84' lang='lat' dir='ltr'><strong>CODlClBUS</strong></span> <span class='ocrx_word' id='word_1_2' title='bbox 533 634 594 696; x_wconf 88' lang='lat' dir='ltr'><strong>ET</strong></span> <span class='ocrx_word' id='word_1_3' title='bbox 625 634 959 697; x_wconf 82' lang='lat' dir='ltr'><strong>EDlTIONlBUS·</strong></span> <span class='ocrx_word' id='word_1_4' title='bbox 1109 633 1130 717; x_wconf 83' lang='lat' dir='ltr'><strong>lj</strong></span> 
     </span>
    </p>
   </div>
   <div class='ocr_carea' id='block_1_2' title="bbox 10 763 1262 4489">
    <p class='ocr_par' dir='ltr' id='par_1_2' title="bbox 10 763 1262 4489">
     <span class='ocr_line' id='line_1_2' title="bbox 54 763 1130 849; baseline -0.003 -22"><span class='ocrx_word' id='word_1_5' title='bbox 54 768 205 849; x_wconf 77' lang='lat' dir='ltr'><strong>majorem.</strong></span> <span class='ocrx_word' id='word_1_6' title='bbox 229 793 245 819; x_wconf 76' lang='grc' dir='ltr'>α</span> <span class='ocrx_word' id='word_1_7' title='bbox 259 766 364 827; x_wconf 88' lang='lat' dir='ltr'><strong>Piuelli</strong></span> <span class='ocrx_word' id='word_1_8' title='bbox 378 767 518 847; x_wconf 82' lang='lat' dir='ltr'><strong>exemplar</strong></span> <span class='ocrx_word' id='word_1_9' title='bbox 537 765 667 849; x_wconf 83' lang='lat' dir='ltr'><strong>Catalog.</strong></span> <span class='ocrx_word' id='word_1_10' title='bbox 687 779 757 828; x_wconf 90' lang='lat' dir='ltr'><strong>tom.</strong></span> <span class='ocrx_word' id='word_1_11' title='bbox 777 769 826 840; x_wconf 89' lang='lat' dir='ltr'><strong>ll,</strong></span> <span class='ocrx_word' id='word_1_12' title='bbox 847 790 874 848; x_wconf 93' lang='lat' dir='ltr'><strong>p.</strong></span> <span class='ocrx_word' id='word_1_13' title='bbox 889 763 968 849; x_wconf 80' lang='lat'><strong>367.</strong></span> <span class='ocrx_word' id='word_1_14' title='bbox 984 787 1013 826; x_wconf 90' lang='grc' dir='ltr'><strong>ιι.</strong></span> <span class='ocrx_word' id='word_1_15' title='bbox 1031 763 1130 848; x_wconf 70' lang='grc'><strong>4920,</strong></span> 
     </span>
     <span class='ocr_line' id='line_1_3' title="bbox 56 864 1131 948; baseline -0.001 -21"><span class='ocrx_word' id='word_1_16' title='bbox 56 867 153 927; x_wconf 88' lang='lat' dir='ltr'><strong>solum</strong></span> <span class='ocrx_word' id='word_1_17' title='bbox 169 866 371 948; x_wconf 86' lang='lat' dir='ltr'><strong>Propertium,</strong></span> <span class='ocrx_word' id='word_1_18' title='bbox 393 864 553 928; x_wconf 79' lang='lat' dir='ltr'><strong>Autiffredi</strong></span> <span class='ocrx_word' id='word_1_19' title='bbox 576 866 742 939; x_wconf 78' lang='lat' dir='ltr'><strong>Catullum,</strong></span> <span class='ocrx_word' id='word_1_20' title='bbox 760 867 931 941; x_wconf 76' lang='lat' dir='ltr'><strong>Tibullum,</strong></span> <span class='ocrx_word' id='word_1_21' title='bbox 950 866 1131 944; x_wconf 72' lang='lat' dir='ltr'><strong>Propertium</strong></span> 
     </span>
     <span class='ocr_line' id='line_1_4' title="bbox 57 966 1133 1050; baseline -0.002 -22"><span class='ocrx_word' id='word_1_22' title='bbox 57 966 311 1047; x_wconf 66' lang='lat' dir='ltr'><strong>complectebatur.</strong></span> <span class='ocrx_word' id='word_1_23' title='bbox 321 996 336 1024; x_wconf 78' lang='grc' dir='ltr'><strong>»ι</strong></span> <span class='ocrx_word' id='word_1_24' title='bbox 355 970 467 1046; x_wconf 85' lang='lat' dir='ltr'><strong>Nempe</strong></span> <span class='ocrx_word' id='word_1_25' title='bbox 481 966 669 1030; x_wconf 89' lang='lat' dir='ltr'><strong>Piuellianum</strong></span> <span class='ocrx_word' id='word_1_26' title='bbox 685 969 824 1048; x_wconf 77' lang='lat' dir='ltr'><strong>exemplar</strong></span> <span class='ocrx_word' id='word_1_27' title='bbox 839 969 963 1050; x_wconf 79' lang='lat' dir='ltr'><strong>pertinet</strong></span> <span class='ocrx_word' id='word_1_28' title='bbox 977 968 1011 1028; x_wconf 91' lang='lat' dir='ltr'><strong>ad</strong></span> <span class='ocrx_word' id='word_1_29' title='bbox 1026 990 1055 1028; x_wconf 88' lang='grc' dir='ltr'><strong>ιι.</strong></span> <span class='ocrx_word' id='word_1_30' title='bbox 1077 970 1133 1028; x_wconf 84' lang='grc' dir='ltr'><strong>ΙΙΙ.</strong></span> 
     </span>
     <span class='ocr_line' id='line_1_5' title="bbox 59 1065 1132 1146; baseline 0 -18"><span class='ocrx_word' id='word_1_31' title='bbox 59 1067 310 1130; x_wconf 74' lang='lat' dir='ltr'><strong>Audiffredianum</strong></span> <span class='ocrx_word' id='word_1_32' title='bbox 324 1068 359 1128; x_wconf 86' lang='lat' dir='ltr'><strong>ad</strong></span> <span class='ocrx_word' id='word_1_33' title='bbox 376 1091 404 1128; x_wconf 91' lang='lat' dir='ltr'><strong>n.</strong></span> <span class='ocrx_word' id='word_1_34' title='bbox 423 1069 474 1128; x_wconf 78' lang='grc' dir='ltr'><strong>Ν.</strong></span> <span class='ocrx_word' id='word_1_35' title='bbox 493 1097 507 1123; x_wconf 77' lang='lat' dir='ltr'><strong>u</strong></span> <span class='ocrx_word' id='word_1_36' title='bbox 523 1070 565 1133; x_wconf 77' lang='lat' dir='ltr'><strong>At</strong></span> <span class='ocrx_word' id='word_1_37' title='bbox 580 1068 689 1129; x_wconf 82' lang='lat' dir='ltr'><strong>llarlcs.</strong></span> <span class='ocrx_word' id='word_1_38' title='bbox 709 1068 820 1130; x_wconf 89' lang='lat' dir='ltr'><strong>Notitia</strong></span> <span class='ocrx_word' id='word_1_39' title='bbox 838 1070 909 1129; x_wconf 73' lang='lat' dir='ltr'><strong>Lite</strong></span> <span class='ocrx_word' id='word_1_40' title='bbox 926 1072 1032 1146; x_wconf 82' lang='lat' dir='ltr'><strong>Rom,</strong></span> <span class='ocrx_word' id='word_1_41' title='bbox 1047 1091 1075 1146; x_wconf 92' lang='lat' dir='ltr'><strong>p.</strong></span> <span class='ocrx_word' id='word_1_42' title='bbox 1093 1065 1132 1130; x_wconf 84' lang='lat'><strong>35</strong></span> 
     </span>
     <span class='ocr_line' id='line_1_6' title="bbox 60 1168 1132 1254; baseline 0.001 -24"><span class='ocrx_word' id='word_1_43' title='bbox 60 1173 120 1248; x_wconf 78' lang='lat' dir='ltr'><strong>(an.</strong></span> <span class='ocrx_word' id='word_1_44' title='bbox 138 1169 249 1254; x_wconf 81' lang='lat'><strong>1789),</strong></span> <span class='ocrx_word' id='word_1_45' title='bbox 267 1172 351 1252; x_wconf 86' lang='lat' dir='ltr'><strong>hujus</strong></span> <span class='ocrx_word' id='word_1_46' title='bbox 366 1169 433 1230; x_wconf 81' lang='lat' dir='ltr'><strong>edit</strong></span> <span class='ocrx_word' id='word_1_47' title='bbox 450 1169 611 1251; x_wconf 84' lang='lat' dir='ltr'><strong>exemplum</strong></span> <span class='ocrx_word' id='word_1_48' title='bbox 629 1190 659 1229; x_wconf 91' lang='lat' dir='ltr'><strong>se</strong></span> <span class='ocrx_word' id='word_1_49' title='bbox 673 1169 775 1230; x_wconf 89' lang='lat' dir='ltr'><strong>habere</strong></span> <span class='ocrx_word' id='word_1_50' title='bbox 792 1168 953 1252; x_wconf 74' lang='lat' dir='ltr'><strong>professus,</strong></span> <span class='ocrx_word' id='word_1_51' title='bbox 970 1173 1132 1245; x_wconf 83' lang='lat' dir='ltr'><strong>Catullum,</strong></span> 
     </span>
     <span class='ocr_line' id='line_1_7' title="bbox 60 1269 1132 1353; baseline 0 -21"><span class='ocrx_word' id='word_1_52' title='bbox 60 1269 210 1332; x_wconf 75' lang='lat' dir='ltr'>Tibullum</span> <span class='ocrx_word' id='word_1_53' title='bbox 225 1283 255 1330; x_wconf 89' lang='lat' dir='ltr'><strong>et</strong></span> <span class='ocrx_word' id='word_1_54' title='bbox 269 1271 450 1353; x_wconf 87' lang='lat' dir='ltr'><strong>Pr0pertium</strong></span> <span class='ocrx_word' id='word_1_55' title='bbox 464 1270 575 1341; x_wconf 72' lang='lat' dir='ltr'><strong>laudat,</strong></span> <span class='ocrx_word' id='word_1_56' title='bbox 589 1270 619 1329; x_wconf 90' lang='lat' dir='ltr'><strong>in</strong></span> <span class='ocrx_word' id='word_1_57' title='bbox 631 1270 687 1332; x_wconf 87' lang='lat' dir='ltr'><strong>line</strong></span> <span class='ocrx_word' id='word_1_58' title='bbox 701 1281 795 1330; x_wconf 88' lang='lat' dir='ltr'><strong>tamen</strong></span> <span class='ocrx_word' id='word_1_59' title='bbox 806 1269 951 1351; x_wconf 84' lang='lat' dir='ltr'><strong>Propertii</strong></span> <span class='ocrx_word' id='word_1_60' title='bbox 961 1272 1132 1352; x_wconf 86' lang='lat' dir='ltr'><strong>adscriptum</strong></span> 
     </span>
     <span class='ocr_line' id='line_1_8' title="bbox 59 1369 1135 1453; baseline 0 -22"><span class='ocrx_word' id='word_1_61' title='bbox 59 1383 201 1431; x_wconf 89' lang='lat' dir='ltr'><strong>memorat</strong></span> <span class='ocrx_word' id='word_1_62' title='bbox 213 1391 319 1430; x_wconf 88' lang='lat' dir='ltr'><strong>annum</strong></span> <span class='ocrx_word' id='word_1_63' title='bbox 338 1369 425 1453; x_wconf 67' lang='lat'><strong>1475.</strong></span> <span class='ocrx_word' id='word_1_64' title='bbox 439 1395 454 1424; x_wconf 77' lang='lat' dir='ltr'><strong>a</strong></span> <span class='ocrx_word' id='word_1_65' title='bbox 473 1372 541 1431; x_wconf 89' lang='lat' dir='ltr'><strong>Non</strong></span> <span class='ocrx_word' id='word_1_66' title='bbox 558 1381 670 1447; x_wconf 87' lang='lat' dir='ltr'><strong>poterat</strong></span> <span class='ocrx_word' id='word_1_67' title='bbox 684 1370 765 1431; x_wconf 89' lang='lat' dir='ltr'><strong>aliter</strong></span> <span class='ocrx_word' id='word_1_68' title='bbox 782 1370 905 1432; x_wconf 90' lang='lat' dir='ltr'><strong>scrihere</strong></span> <span class='ocrx_word' id='word_1_69' title='bbox 923 1371 1087 1447; x_wconf 88' lang='lat' dir='ltr'><strong>llarlesius,</strong></span> <span class='ocrx_word' id='word_1_70' title='bbox 1104 1371 1135 1431; x_wconf 91' lang='lat' dir='ltr'><strong>in</strong></span> 
     </span>
     <span class='ocr_line' id='line_1_9' title="bbox 58 1469 1136 1556; baseline -0.001 -23"><span class='ocrx_word' id='word_1_71' title='bbox 58 1470 190 1533; x_wconf 83' lang='lat' dir='ltr'><strong>manibus</strong></span> <span class='ocrx_word' id='word_1_72' title='bbox 206 1470 311 1532; x_wconf 84' lang='lat' dir='ltr'><strong>habens</strong></span> <span class='ocrx_word' id='word_1_73' title='bbox 325 1470 481 1531; x_wconf 86' lang='lat' dir='ltr'><strong>editionem</strong></span> <span class='ocrx_word' id='word_1_74' title='bbox 499 1493 559 1532; x_wconf 92' lang='lat' dir='ltr'><strong>uon</strong></span> <span class='ocrx_word' id='word_1_75' title='bbox 573 1471 639 1530; x_wconf 92' lang='lat' dir='ltr'><strong>anni</strong></span> <span class='ocrx_word' id='word_1_76' title='bbox 658 1470 751 1552; x_wconf 69' lang='lat'><strong>1472,</strong></span> <span class='ocrx_word' id='word_1_77' title='bbox 768 1471 817 1533; x_wconf 89' lang='lat' dir='ltr'><strong>sed</strong></span> <span class='ocrx_word' id='word_1_78' title='bbox 834 1473 903 1532; x_wconf 91' lang='lat' dir='ltr'><strong>anui</strong></span> <span class='ocrx_word' id='word_1_79' title='bbox 920 1469 1016 1556; x_wconf 65' lang='lat'><strong>1475,</strong></span> <span class='ocrx_word' id='word_1_80' title='bbox 1034 1474 1065 1532; x_wconf 89' lang='lat' dir='ltr'><strong>in</strong></span> <span class='ocrx_word' id='word_1_81' title='bbox 1081 1494 1136 1554; x_wconf 89' lang='lat' dir='ltr'><strong>qua</strong></span> 
     </span>
     <span class='ocr_line' id='line_1_10' title="bbox 59 1569 683 1653; baseline -0.005 -21"><span class='ocrx_word' id='word_1_82' title='bbox 59 1571 106 1632; x_wconf 81' lang='lat' dir='ltr'><strong>tic</strong></span> <span class='ocrx_word' id='word_1_83' title='bbox 122 1592 257 1633; x_wconf 85' lang='lat' dir='ltr'><strong>numerus</strong></span> <span class='ocrx_word' id='word_1_84' title='bbox 273 1569 449 1648; x_wconf 86' lang='lat' dir='ltr'><strong>subscriptus</strong></span> <span class='ocrx_word' id='word_1_85' title='bbox 463 1583 506 1631; x_wconf 88' lang='lat' dir='ltr'><strong>est</strong></span> <span class='ocrx_word' id='word_1_86' title='bbox 519 1570 683 1653; x_wconf 87' lang='lat' dir='ltr'><strong>Propertio.</strong></span> 
     </span>
     <span class='ocr_line' id='line_1_11' title="bbox 100 1671 1134 1756; baseline 0.001 -21"><span class='ocrx_word' id='word_1_87' title='bbox 100 1673 151 1735; x_wconf 74' lang='lat' dir='ltr'><strong>nd</strong></span> <span class='ocrx_word' id='word_1_88' title='bbox 161 1673 235 1733; x_wconf 89' lang='lat' dir='ltr'><strong>banc</strong></span> <span class='ocrx_word' id='word_1_89' title='bbox 247 1671 403 1733; x_wconf 82' lang='lat' dir='ltr'><strong>editionem</strong></span> <span class='ocrx_word' id='word_1_90' title='bbox 416 1671 578 1753; x_wconf 76' lang='lat' dir='ltr'><strong>priusquam</strong></span> <span class='ocrx_word' id='word_1_91' title='bbox 590 1674 820 1756; x_wconf 82' lang='lat' dir='ltr'><strong>progrediamur,</strong></span> <span class='ocrx_word' id='word_1_92' title='bbox 836 1674 914 1753; x_wconf 86' lang='lat' dir='ltr'><strong>prius</strong></span> <span class='ocrx_word' id='word_1_93' title='bbox 928 1673 1046 1735; x_wconf 77' lang='lat' dir='ltr'><strong>dioentb</strong></span> <span class='ocrx_word' id='word_1_94' title='bbox 1056 1696 1134 1755; x_wconf 80' lang='lat' dir='ltr'><strong>quae·</strong></span> 
     </span>
     <span class='ocr_line' id='line_1_12' title="bbox 59 1765 1136 1858; baseline 0 -22"><span class='ocrx_word' id='word_1_95' title='bbox 59 1765 215 1836; x_wconf 65' lang='lat' dir='ltr'><strong>dan‘sunt</strong></span> <span class='ocrx_word' id='word_1_96' title='bbox 234 1774 271 1835; x_wconf 90' lang='lat' dir='ltr'><strong>de</strong></span> <span class='ocrx_word' id='word_1_97' title='bbox 286 1772 426 1846; x_wconf 85' lang='lat' dir='ltr'><strong>Tibullo,</strong></span> <span class='ocrx_word' id='word_1_98' title='bbox 451 1796 497 1834; x_wconf 82' lang='lat' dir='ltr'><strong>an.</strong></span> <span class='ocrx_word' id='word_1_99' title='bbox 521 1772 599 1854; x_wconf 65' lang='lat'><strong>1474</strong></span> <span class='ocrx_word' id='word_1_100' title='bbox 609 1818 620 1846; x_wconf 91' lang='lat'><strong>,</strong></span> <span class='ocrx_word' id='word_1_101' title='bbox 645 1774 747 1838; x_wconf 84' lang='lat' dir='ltr'><strong>in-lol.</strong></span> <span class='ocrx_word' id='word_1_102' title='bbox 763 1797 848 1858; x_wconf 88' lang='lat' dir='ltr'><strong>quem</strong></span> <span class='ocrx_word' id='word_1_103' title='bbox 869 1775 1028 1854; x_wconf 87' lang='lat' dir='ltr'><strong>interponit</strong></span> <span class='ocrx_word' id='word_1_104' title='bbox 1045 1777 1136 1838; x_wconf 86' lang='lat' dir='ltr'><strong>ludex</strong></span> 
     </span>
     <span class='ocr_line' id='line_1_13' title="bbox 60 1874 1136 1957; baseline 0.001 -19"><span class='ocrx_word' id='word_1_105' title='bbox 60 1874 245 1956; x_wconf 79' lang='lat' dir='ltr'><strong>Bipontinus</strong></span> <span class='ocrx_word' id='word_1_106' title='bbox 257 1877 354 1957; x_wconf 81' lang='lat' dir='ltr'><strong>Hujus</strong></span> <span class='ocrx_word' id='word_1_107' title='bbox 368 1874 471 1936; x_wconf 86' lang='lat' dir='ltr'><strong>indicis</strong></span> <span class='ocrx_word' id='word_1_108' title='bbox 482 1877 593 1938; x_wconf 91' lang='lat' dir='ltr'><strong>auctori</strong></span> <span class='ocrx_word' id='word_1_109' title='bbox 608 1878 706 1939; x_wconf 89' lang='lat' dir='ltr'><strong>nescio</strong></span> <span class='ocrx_word' id='word_1_110' title='bbox 719 1900 755 1939; x_wconf 91' lang='lat' dir='ltr'><strong>an</strong></span> <span class='ocrx_word' id='word_1_111' title='bbox 766 1874 863 1938; x_wconf 87' lang='lat' dir='ltr'><strong>fucum</strong></span> <span class='ocrx_word' id='word_1_112' title='bbox 876 1875 1136 1940; x_wconf 69' lang='lat' dir='ltr'><strong>secuitBroukhu-</strong></span> 
     </span>
     <span class='ocr_line' id='line_1_14' title="bbox 61 1975 1137 2058; baseline 0.001 -17"><span class='ocrx_word' id='word_1_113' title='bbox 61 1979 137 2052; x_wconf 83' lang='lat' dir='ltr'><strong>sins,</strong></span> <span class='ocrx_word' id='word_1_114' title='bbox 148 1977 263 2041; x_wconf 82' lang='lat' dir='ltr'><strong>laudans</strong></span> <span class='ocrx_word' id='word_1_115' title='bbox 270 1975 399 2058; x_wconf 80' lang='lat' dir='ltr'><strong>ejusdem</strong></span> <span class='ocrx_word' id='word_1_116' title='bbox 407 1977 478 2037; x_wconf 89' lang='lat' dir='ltr'><strong>anni</strong></span> <span class='ocrx_word' id='word_1_117' title='bbox 488 1980 669 2058; x_wconf 80' lang='lat' dir='ltr'><strong>Ptopertium</strong></span> <span class='ocrx_word' id='word_1_118' title='bbox 679 1980 708 2040; x_wconf 93' lang='lat' dir='ltr'><strong>in</strong></span> <span class='ocrx_word' id='word_1_119' title='bbox 717 1979 884 2058; x_wconf 79' lang='lat' dir='ltr'><strong>praelatione</strong></span> <span class='ocrx_word' id='word_1_120' title='bbox 893 1992 924 2040; x_wconf 89' lang='lat' dir='ltr'><strong>et</strong></span> <span class='ocrx_word' id='word_1_121' title='bbox 932 1979 1058 2042; x_wconf 78' lang='lat' dir='ltr'><strong>alibi-Ac</strong></span> <span class='ocrx_word' id='word_1_122' title='bbox 1065 1981 1137 2042; x_wconf 83' lang='lat' dir='ltr'><strong>Pro</strong></span> 
     </span>
     <span class='ocr_line' id='line_1_15' title="bbox 61 2076 1135 2161; baseline 0.001 -22"><span class='ocrx_word' id='word_1_123' title='bbox 61 2079 171 2159; x_wconf 77' lang='lat' dir='ltr'><strong>pertitas</strong></span> <span class='ocrx_word' id='word_1_124' title='bbox 186 2077 320 2159; x_wconf 54' lang='lat' dir='ltr'><strong>quibus,</strong></span> <span class='ocrx_word' id='word_1_125' title='bbox 337 2099 383 2138; x_wconf 85' lang='lat' dir='ltr'><strong>an.</strong></span> <span class='ocrx_word' id='word_1_126' title='bbox 398 2076 491 2161; x_wconf 65' lang='lat'><strong>1474,</strong></span> <span class='ocrx_word' id='word_1_127' title='bbox 510 2102 663 2161; x_wconf 76' lang='lat' dir='ltr'><strong>numquam</strong></span> <span class='ocrx_word' id='word_1_128' title='bbox 678 2081 792 2142; x_wconf 84' lang='lat' dir='ltr'><strong>exstitit.</strong></span> <span class='ocrx_word' id='word_1_129' title='bbox 809 2081 865 2141; x_wconf 88' lang='lat' dir='ltr'><strong>llic</strong></span> <span class='ocrx_word' id='word_1_130' title='bbox 882 2080 966 2141; x_wconf 89' lang='lat' dir='ltr'><strong>nobis</strong></span> <span class='ocrx_word' id='word_1_131' title='bbox 984 2080 1135 2141; x_wconf 88' lang='lat' dir='ltr'><strong>commode</strong></span> 
     </span>
     <span class='ocr_line' id='line_1_16' title="bbox 62 2177 1139 2244; baseline -0.002 -2"><span class='ocrx_word' id='word_1_132' title='bbox 62 2181 94 2242; x_wconf 91' lang='lat' dir='ltr'><strong>iu</strong></span> <span class='ocrx_word' id='word_1_133' title='bbox 115 2201 215 2241; x_wconf 83' lang='lat' dir='ltr'><strong>manus</strong></span> <span class='ocrx_word' id='word_1_134' title='bbox 233 2177 365 2239; x_wconf 91' lang='lat' dir='ltr'><strong>incidunt</strong></span> <span class='ocrx_word' id='word_1_135' title='bbox 385 2179 527 2243; x_wconf 77' lang='lat' dir='ltr'><strong>schedulae</strong></span> <span class='ocrx_word' id='word_1_136' title='bbox 548 2182 674 2243; x_wconf 85' lang='lat' dir='ltr'><strong>Santenii</strong></span> <span class='ocrx_word' id='word_1_137' title='bbox 696 2182 750 2244; x_wconf 89' lang='lat' dir='ltr'><strong>sub</strong></span> <span class='ocrx_word' id='word_1_138' title='bbox 764 2180 873 2241; x_wconf 90' lang='lat' dir='ltr'><strong>titulo:</strong></span> <span class='ocrx_word' id='word_1_139' title='bbox 896 2181 1073 2240; x_wconf 72' lang='lat' dir='ltr'><strong>Collectm</strong></span> <span class='ocrx_word' id='word_1_140' title='bbox 1098 2181 1139 2239; x_wconf 86' lang='lat' dir='ltr'><strong>od</strong></span> 
     </span>
     <span class='ocr_line' id='line_1_17' title="bbox 62 2279 1262 2364; baseline -0.003 -21"><span class='ocrx_word' id='word_1_141' title='bbox 62 2282 213 2343; x_wconf 58' lang='lat' dir='ltr'><strong>demun</strong></span> <span class='ocrx_word' id='word_1_142' title='bbox 231 2279 377 2362; x_wconf 83' lang='lat' dir='ltr'><strong>Propertii</strong></span> <span class='ocrx_word' id='word_1_143' title='bbox 390 2282 571 2361; x_wconf 81' lang='lat' dir='ltr'><strong>parandum,</strong></span> <span class='ocrx_word' id='word_1_144' title='bbox 596 2281 698 2363; x_wconf 89' lang='lat' dir='ltr'><strong>quibus</strong></span> <span class='ocrx_word' id='word_1_145' title='bbox 715 2282 772 2344; x_wconf 87' lang='lat' dir='ltr'><strong>boc</strong></span> <span class='ocrx_word' id='word_1_146' title='bbox 794 2295 992 2364; x_wconf 82' lang='lat' dir='ltr'><strong>argumentum</strong></span> <span class='ocrx_word' id='word_1_147' title='bbox 1014 2280 1137 2341; x_wconf 87' lang='lat' dir='ltr'><strong>breviter</strong></span> <span class='ocrx_word' id='word_1_148' title='bbox 1258 2336 1262 2348; x_wconf 82' lang='grc'>,</span> 
     </span>
     <span class='ocr_line' id='line_1_18' title="bbox 63 2379 1137 2471; baseline -0.005 -27"><span class='ocrx_word' id='word_1_149' title='bbox 63 2382 115 2444; x_wconf 82' lang='lat' dir='ltr'><strong>sed</strong></span> <span class='ocrx_word' id='word_1_150' title='bbox 131 2380 222 2443; x_wconf 84' lang='lat' dir='ltr'><strong>docte</strong></span> <span class='ocrx_word' id='word_1_151' title='bbox 240 2391 446 2471; x_wconf 64' lang='lat' dir='ltr'><strong>pertractatu:</strong></span> <span class='ocrx_word' id='word_1_152' title='bbox 475 2410 490 2435; x_wconf 77' lang='grc' dir='ltr'><strong>ιι</strong></span> <span class='ocrx_word' id='word_1_153' title='bbox 512 2382 700 2456; x_wconf 77' lang='lat' dir='ltr'><strong>Editionem,</strong></span> <span class='ocrx_word' id='word_1_154' title='bbox 722 2382 792 2455; x_wconf 70' lang='lat' dir='ltr'><strong>ait,</strong></span> <span class='ocrx_word' id='word_1_155' title='bbox 805 2403 850 2440; x_wconf 88' lang='lat' dir='ltr'><strong>an.</strong></span> <span class='ocrx_word' id='word_1_156' title='bbox 876 2379 976 2466; x_wconf 65' lang='lat'><strong>1474,</strong></span> <span class='ocrx_word' id='word_1_157' title='bbox 998 2392 1137 2442; x_wconf 84' lang='lat' dir='ltr'><strong>memorat</strong></span> 
     </span>
     <span class='ocr_line' id='line_1_19' title="bbox 65 2481 1138 2568; baseline -0.006 -21"><span class='ocrx_word' id='word_1_158' title='bbox 65 2482 265 2547; x_wconf 75' lang='lat' dir='ltr'><strong>Brouklrusius</strong></span> <span class='ocrx_word' id='word_1_159' title='bbox 284 2483 315 2543; x_wconf 88' lang='lat' dir='ltr'><strong>in</strong></span> <span class='ocrx_word' id='word_1_160' title='bbox 330 2483 409 2561; x_wconf 80' lang='lat' dir='ltr'><strong>prael&#39;.</strong></span> <span class='ocrx_word' id='word_1_161' title='bbox 427 2507 455 2562; x_wconf 92' lang='lat' dir='ltr'><strong>p.</strong></span> <span class='ocrx_word' id='word_1_162' title='bbox 474 2485 513 2560; x_wconf 87' lang='lat'><strong>5,</strong></span> <span class='ocrx_word' id='word_1_163' title='bbox 531 2487 612 2568; x_wconf 82' lang='lat' dir='ltr'><strong>cujus</strong></span> <span class='ocrx_word' id='word_1_164' title='bbox 628 2484 809 2546; x_wconf 88' lang='lat' dir='ltr'><strong>collationem</strong></span> <span class='ocrx_word' id='word_1_165' title='bbox 823 2484 937 2544; x_wconf 82' lang='lat' dir='ltr'><strong>miserat</strong></span> <span class='ocrx_word' id='word_1_166' title='bbox 950 2481 1138 2544; x_wconf 76' lang='lat' dir='ltr'><strong>Almeloroe-</strong></span> 
     </span>
     <span class='ocr_line' id='line_1_20' title="bbox 63 2582 1135 2668; baseline -0.003 -21"><span class='ocrx_word' id='word_1_167' title='bbox 63 2588 151 2658; x_wconf 86' lang='lat' dir='ltr'><strong>nius,</strong></span> <span class='ocrx_word' id='word_1_168' title='bbox 172 2583 224 2648; x_wconf 86' lang='lat' dir='ltr'><strong>sed</strong></span> <span class='ocrx_word' id='word_1_169' title='bbox 242 2587 304 2668; x_wconf 85' lang='lat' dir='ltr'><strong>ejus</strong></span> <span class='ocrx_word' id='word_1_170' title='bbox 325 2586 392 2646; x_wconf 88' lang='lat' dir='ltr'><strong>anni</strong></span> <span class='ocrx_word' id='word_1_171' title='bbox 409 2585 486 2646; x_wconf 87' lang='lat' dir='ltr'><strong>nulla</strong></span> <span class='ocrx_word' id='word_1_172' title='bbox 506 2596 689 2647; x_wconf 88' lang='lat' dir='ltr'><strong>memoratur.</strong></span> <span class='ocrx_word' id='word_1_173' title='bbox 714 2587 750 2645; x_wconf 92' lang='lat' dir='ltr'><strong>ln</strong></span> <span class='ocrx_word' id='word_1_174' title='bbox 767 2583 897 2666; x_wconf 79' lang='lat' dir='ltr'><strong>catalogo</strong></span> <span class='ocrx_word' id='word_1_175' title='bbox 916 2595 1009 2644; x_wconf 87' lang='lat' dir='ltr'><strong>autem</strong></span> <span class='ocrx_word' id='word_1_176' title='bbox 1029 2582 1135 2644; x_wconf 87' lang='lat' dir='ltr'><strong>biblio-</strong></span> 
     </span>
     <span class='ocr_line' id='line_1_21' title="bbox 63 2682 1138 2769; baseline -0.006 -19"><span class='ocrx_word' id='word_1_177' title='bbox 63 2687 159 2750; x_wconf 71' lang='lat' dir='ltr'><strong>tbecoe</strong></span> <span class='ocrx_word' id='word_1_178' title='bbox 171 2685 431 2749; x_wconf 73' lang='lat' dir='ltr'><strong>ttuetoveenianae</strong></span> <span class='ocrx_word' id='word_1_179' title='bbox 441 2686 568 2749; x_wconf 89' lang='lat' dir='ltr'><strong>occurrit</strong></span> <span class='ocrx_word' id='word_1_180' title='bbox 579 2684 686 2760; x_wconf 88' lang='lat' dir='ltr'><strong>editio,</strong></span> <span class='ocrx_word' id='word_1_181' title='bbox 703 2708 748 2746; x_wconf 88' lang='lat' dir='ltr'><strong>an.</strong></span> <span class='ocrx_word' id='word_1_182' title='bbox 769 2682 862 2769; x_wconf 66' lang='lat'><strong>1475,</strong></span> <span class='ocrx_word' id='word_1_183' title='bbox 880 2695 912 2745; x_wconf 89' lang='lat' dir='ltr'><strong>ut</strong></span> <span class='ocrx_word' id='word_1_184' title='bbox 928 2685 1001 2745; x_wconf 82' lang='lat' dir='ltr'><strong>hanc</strong></span> <span class='ocrx_word' id='word_1_185' title='bbox 1015 2706 1081 2745; x_wconf 89' lang='lat' dir='ltr'><strong>cnm</strong></span> <span class='ocrx_word' id='word_1_186' title='bbox 1091 2684 1138 2744; x_wconf 91' lang='lat' dir='ltr'><strong>illa</strong></span> 
     </span>
     <span class='ocr_line' id='line_1_22' title="bbox 63 2784 1138 2865; baseline -0.003 -15"><span class='ocrx_word' id='word_1_187' title='bbox 63 2786 214 2851; x_wconf 72' lang='lat' dir='ltr'><strong>confisam</strong></span> <span class='ocrx_word' id='word_1_188' title='bbox 229 2786 316 2851; x_wconf 76' lang='lat' dir='ltr'><strong>luisse</strong></span> <span class='ocrx_word' id='word_1_189' title='bbox 333 2787 443 2865; x_wconf 85' lang='lat' dir='ltr'><strong>opiner.</strong></span> <span class='ocrx_word' id='word_1_190' title='bbox 469 2788 667 2849; x_wconf 82' lang='lat' dir='ltr'><strong>Broullmsius</strong></span> <span class='ocrx_word' id='word_1_191' title='bbox 682 2787 854 2850; x_wconf 76' lang='lat' dir='ltr'><strong>existimasse</strong></span> <span class='ocrx_word' id='word_1_192' title='bbox 873 2785 1003 2861; x_wconf 81' lang='lat' dir='ltr'><strong>videtur,</strong></span> <span class='ocrx_word' id='word_1_193' title='bbox 1021 2784 1138 2847; x_wconf 75' lang='lat' dir='ltr'><strong>Edito-</strong></span> 
     </span>
     <span class='ocr_line' id='line_1_23' title="bbox 64 2886 1138 2972; baseline -0.002 -20"><span class='ocrx_word' id='word_1_194' title='bbox 64 2910 132 2952; x_wconf 74' lang='lat' dir='ltr'><strong>uen</strong></span> <span class='ocrx_word' id='word_1_195' title='bbox 142 2932 159 2963; x_wconf 85' lang='lat'><strong>,·</strong></span> <span class='ocrx_word' id='word_1_196' title='bbox 170 2910 218 2951; x_wconf 88' lang='lat' dir='ltr'><strong>an.</strong></span> <span class='ocrx_word' id='word_1_197' title='bbox 239 2886 337 2972; x_wconf 66' lang='lat'><strong>1474,</strong></span> <span class='ocrx_word' id='word_1_198' title='bbox 354 2889 440 2950; x_wconf 84' lang='lat' dir='ltr'><strong>luisse</strong></span> <span class='ocrx_word' id='word_1_199' title='bbox 456 2889 635 2967; x_wconf 74' lang='lat' dir='ltr'><strong>Principem,</strong></span> <span class='ocrx_word' id='word_1_200' title='bbox 655 2888 695 2948; x_wconf 85' lang='lat' dir='ltr'><strong>ait</strong></span> <span class='ocrx_word' id='word_1_201' title='bbox 709 2888 810 2961; x_wconf 88' lang='lat' dir='ltr'><strong>enim,</strong></span> <span class='ocrx_word' id='word_1_202' title='bbox 837 2910 865 2969; x_wconf 90' lang='lat' dir='ltr'><strong>p.</strong></span> <span class='ocrx_word' id='word_1_203' title='bbox 881 2888 900 2949; x_wconf 87' lang='lat'>5</span> <span class='ocrx_word' id='word_1_204' title='bbox 917 2886 997 2965; x_wconf 79' lang='lat' dir='ltr'><strong>prael.</strong></span> <span class='ocrx_word' id='word_1_205' title='bbox 1021 2914 1036 2941; x_wconf 75' lang='grc' dir='ltr'><strong>«ι</strong></span> <span class='ocrx_word' id='word_1_206' title='bbox 1050 2890 1138 2971; x_wconf 85' lang='lat' dir='ltr'><strong>Sym-</strong></span> 
     </span>
     <span class='ocr_line' id='line_1_24' title="bbox 63 2988 1139 3073; baseline -0.005 -20"><span class='ocrx_word' id='word_1_207' title='bbox 63 2990 140 3053; x_wconf 78' lang='lat' dir='ltr'><strong>boloe</strong></span> <span class='ocrx_word' id='word_1_208' title='bbox 156 3012 275 3073; x_wconf 76' lang='lat' dir='ltr'><strong>ursoque</strong></span> <span class='ocrx_word' id='word_1_209' title='bbox 291 3012 352 3052; x_wconf 89' lang='lat' dir='ltr'><strong>non</strong></span> <span class='ocrx_word' id='word_1_210' title='bbox 368 2990 441 3052; x_wconf 86' lang='lat' dir='ltr'><strong>nibil</strong></span> <span class='ocrx_word' id='word_1_211' title='bbox 457 2990 581 3053; x_wconf 88' lang='lat' dir='ltr'><strong>contulit</strong></span> <span class='ocrx_word' id='word_1_212' title='bbox 595 2992 640 3051; x_wconf 83' lang='lat' dir='ltr'><strong>vir</strong></span> <span class='ocrx_word' id='word_1_213' title='bbox 657 2989 837 3051; x_wconf 75' lang='lat' dir='ltr'><strong>Clarissimus</strong></span> <span class='ocrx_word' id='word_1_214' title='bbox 853 2988 968 3051; x_wconf 86' lang='lat' dir='ltr'><strong>Theod.</strong></span> <span class='ocrx_word' id='word_1_215' title='bbox 983 2989 1139 3051; x_wconf 80' lang='lat' dir='ltr'><strong>lausonius</strong></span> 
     </span>
     <span class='ocr_line' id='line_1_25' title="bbox 63 3089 1138 3172; baseline -0.002 -20"><span class='ocrx_word' id='word_1_216' title='bbox 63 3090 99 3152; x_wconf 80' lang='lat' dir='ltr'><strong>ab</strong></span> <span class='ocrx_word' id='word_1_217' title='bbox 114 3090 336 3166; x_wconf 59' lang='lat' dir='ltr'><strong>stratorem..</strong></span> <span class='ocrx_word' id='word_1_218' title='bbox 359 3091 431 3153; x_wconf 80' lang='lat' dir='ltr'><strong>tacta</strong></span> <span class='ocrx_word' id='word_1_219' title='bbox 449 3092 602 3154; x_wconf 83' lang='lat' dir='ltr'><strong>collatione</strong></span> <span class='ocrx_word' id='word_1_220' title='bbox 624 3090 757 3152; x_wconf 82' lang='lat' dir='ltr'><strong>editionis</strong></span> <span class='ocrx_word' id='word_1_221' title='bbox 774 3089 911 3168; x_wconf 86' lang='lat' dir='ltr'><strong>principis</strong></span> <span class='ocrx_word' id='word_1_222' title='bbox 929 3111 994 3150; x_wconf 90' lang='lat' dir='ltr'><strong>cum</strong></span> <span class='ocrx_word' id='word_1_223' title='bbox 1008 3111 1041 3151; x_wconf 84' lang='lat' dir='ltr'><strong>ea</strong></span> <span class='ocrx_word' id='word_1_224' title='bbox 1056 3113 1138 3172; x_wconf 88' lang='lat' dir='ltr'><strong>quam</strong></span> 
     </span>
     <span class='ocr_line' id='line_1_26' title="bbox 65 3190 1138 3276; baseline 0 -23"><span class='ocrx_word' id='word_1_225' title='bbox 65 3191 184 3253; x_wconf 65' lang='lat' dir='ltr'><strong>illusb&#39;u</strong></span> <span class='ocrx_word' id='word_1_226' title='bbox 203 3192 329 3276; x_wconf 67' lang='lat' dir='ltr'><strong>Scaliger</strong></span> <span class='ocrx_word' id='word_1_227' title='bbox 342 3194 523 3272; x_wconf 63' lang='lat' dir='ltr'><strong>‘procuravit</strong></span> <span class='ocrx_word' id='word_1_228' title='bbox 548 3192 815 3270; x_wconf 81' lang='lat' dir='ltr'><strong>Saepenumero.··-·.</strong></span> <span class='ocrx_word' id='word_1_229' title='bbox 836 3190 907 3251; x_wconf 88' lang='lat' dir='ltr'><strong>mihi</strong></span> <span class='ocrx_word' id='word_1_230' title='bbox 929 3191 1040 3274; x_wconf 85' lang='lat' dir='ltr'><strong>proluit</strong></span> <span class='ocrx_word' id='word_1_231' title='bbox 1057 3202 1138 3253; x_wconf 81' lang='lat' dir='ltr'><strong>velus</strong></span> 
     </span>
     <span class='ocr_line' id='line_1_27' title="bbox 68 3291 1139 3378; baseline -0.001 -24"><span class='ocrx_word' id='word_1_232' title='bbox 68 3291 155 3355; x_wconf 82' lang='lat' dir='ltr'><strong>editio</strong></span> <span class='ocrx_word' id='word_1_233' title='bbox 171 3293 298 3367; x_wconf 81' lang='lat' dir='ltr'><strong>Veneta,</strong></span> <span class='ocrx_word' id='word_1_234' title='bbox 315 3316 359 3356; x_wconf 86' lang='lat' dir='ltr'><strong>an.</strong></span> <span class='ocrx_word' id='word_1_235' title='bbox 380 3293 480 3378; x_wconf 62' lang='lat'><strong>1475,</strong></span> <span class='ocrx_word' id='word_1_236' title='bbox 496 3315 581 3378; x_wconf 83' lang='lat' dir='ltr'><strong>quarn</strong></span> <span class='ocrx_word' id='word_1_237' title='bbox 596 3316 628 3355; x_wconf 90' lang='lat' dir='ltr'><strong>re</strong></span> <span class='ocrx_word' id='word_1_238' title='bbox 644 3293 704 3371; x_wconf 90' lang='lat' dir='ltr'><strong>ipsa</strong></span> <span class='ocrx_word' id='word_1_239' title='bbox 717 3293 860 3371; x_wconf 87' lang='lat' dir='ltr'><strong>comperi,</strong></span> <span class='ocrx_word' id='word_1_240' title='bbox 879 3292 972 3354; x_wconf 84' lang='lat' dir='ltr'><strong>nihilo</strong></span> <span class='ocrx_word' id='word_1_241' title='bbox 988 3314 1049 3355; x_wconf 82' lang='lat' dir='ltr'><strong>esse</strong></span> <span class='ocrx_word' id='word_1_242' title='bbox 1061 3293 1139 3354; x_wconf 83' lang='lat' dir='ltr'><strong>iule-</strong></span> 
     </span>
     <span class='ocr_line' id='line_1_28' title="bbox 68 3392 1141 3475; baseline 0.001 -22"><span class='ocrx_word' id='word_1_243' title='bbox 68 3393 175 3456; x_wconf 79' lang='lat' dir='ltr'><strong>rioresn</strong></span> <span class='ocrx_word' id='word_1_244' title='bbox 188 3395 397 3472; x_wconf 82' lang='lat' dir='ltr'><strong>manuscriptis.</strong></span> <span class='ocrx_word' id='word_1_245' title='bbox 415 3396 498 3456; x_wconf 86' lang='lat' dir='ltr'><strong>Hanc</strong></span> <span class='ocrx_word' id='word_1_246' title='bbox 516 3417 592 3456; x_wconf 91' lang='lat' dir='ltr'><strong>anuo</strong></span> <span class='ocrx_word' id='word_1_247' title='bbox 609 3417 668 3456; x_wconf 94' lang='lat' dir='ltr'><strong>uno</strong></span> <span class='ocrx_word' id='word_1_248' title='bbox 685 3393 836 3455; x_wconf 69' lang='lat' dir='ltr'><strong>antecessit</strong></span> <span class='ocrx_word' id='word_1_249' title='bbox 850 3392 916 3468; x_wconf 91' lang='lat' dir='ltr'><strong>illa,</strong></span> <span class='ocrx_word' id='word_1_250' title='bbox 941 3416 996 3475; x_wconf 86' lang='lat' dir='ltr'><strong>qua</strong></span> <span class='ocrx_word' id='word_1_251' title='bbox 1010 3417 1079 3455; x_wconf 89' lang='lat' dir='ltr'><strong>usus</strong></span> <span class='ocrx_word' id='word_1_252' title='bbox 1097 3407 1141 3455; x_wconf 89' lang='lat' dir='ltr'><strong>est</strong></span> 
     </span>
     <span class='ocr_line' id='line_1_29' title="bbox 72 3492 1141 3557; baseline 0.004 -6"><span class='ocrx_word' id='word_1_253' title='bbox 72 3492 311 3555; x_wconf 77' lang='lat' dir='ltr'><strong>Almeloreenius.</strong></span> <span class='ocrx_word' id='word_1_254' title='bbox 326 3520 340 3549; x_wconf 75' lang='lat' dir='ltr'><strong>s</strong></span> <span class='ocrx_word' id='word_1_255' title='bbox 359 3494 439 3557; x_wconf 89' lang='lat' dir='ltr'><strong>llinc</strong></span> <span class='ocrx_word' id='word_1_256' title='bbox 449 3494 646 3557; x_wconf 81' lang='lat' dir='ltr'><strong>Broullrusius</strong></span> <span class='ocrx_word' id='word_1_257' title='bbox 659 3495 787 3557; x_wconf 87' lang='lat' dir='ltr'><strong>Fabricio</strong></span> <span class='ocrx_word' id='word_1_258' title='bbox 804 3495 909 3556; x_wconf 89' lang='lat' dir='ltr'><strong>erroris</strong></span> <span class='ocrx_word' id='word_1_259' title='bbox 920 3516 1016 3555; x_wconf 88' lang='lat' dir='ltr'><strong>ansam</strong></span> <span class='ocrx_word' id='word_1_260' title='bbox 1030 3493 1141 3555; x_wconf 80' lang='lat' dir='ltr'><strong>dedisse</strong></span> 
     </span>
     <span class='ocr_line' id='line_1_30' title="bbox 10 3592 1139 3677; baseline 0.005 -26"><span class='ocrx_word' id='word_1_261' title='bbox 10 3662 13 3675; x_wconf 40' lang='grc' dir='ltr'>Ι</span> <span class='ocrx_word' id='word_1_262' title='bbox 73 3592 200 3667; x_wconf 80' lang='lat' dir='ltr'><strong>ridetur,</strong></span> <span class='ocrx_word' id='word_1_263' title='bbox 218 3594 277 3654; x_wconf 89' lang='lat' dir='ltr'><strong>imo</strong></span> <span class='ocrx_word' id='word_1_264' title='bbox 294 3595 354 3671; x_wconf 89' lang='lat' dir='ltr'><strong>ipse</strong></span> <span class='ocrx_word' id='word_1_265' title='bbox 370 3595 569 3656; x_wconf 82' lang='lat' dir='ltr'><strong>Broulrlmsius</strong></span> <span class='ocrx_word' id='word_1_266' title='bbox 590 3595 662 3657; x_wconf 88' lang='lat' dir='ltr'><strong>hanc</strong></span> <span class='ocrx_word' id='word_1_267' title='bbox 675 3616 721 3655; x_wconf 89' lang='lat' dir='ltr'><strong>au.</strong></span> <span class='ocrx_word' id='word_1_268' title='bbox 740 3593 835 3677; x_wconf 64' lang='lat'><strong>1474,</strong></span> <span class='ocrx_word' id='word_1_269' title='bbox 859 3595 962 3654; x_wconf 85' lang='lat' dir='ltr'><strong>diserte</strong></span> <span class='ocrx_word' id='word_1_270' title='bbox 977 3594 1139 3676; x_wconf 86' lang='lat' dir='ltr'><strong>Principem</strong></span> 
     </span>
     <span class='ocr_line' id='line_1_31' title="bbox 75 3692 1141 3780; baseline 0.003 -26"><span class='ocrx_word' id='word_1_271' title='bbox 75 3707 152 3756; x_wconf 76' lang='lat' dir='ltr'><strong>voert</strong></span> <span class='ocrx_word' id='word_1_272' title='bbox 160 3694 196 3757; x_wconf 94' lang='lat' dir='ltr'><strong>ad</strong></span> <span class='ocrx_word' id='word_1_273' title='bbox 205 3695 239 3767; x_wconf 86' lang='lat'><strong>1,</strong></span> <span class='ocrx_word' id='word_1_274' title='bbox 255 3710 301 3768; x_wconf 89' lang='lat'><strong>11,</strong></span> <span class='ocrx_word' id='word_1_275' title='bbox 314 3716 342 3753; x_wconf 82' lang='lat' dir='ltr'><strong>a.</strong></span> <span class='ocrx_word' id='word_1_276' title='bbox 351 3692 456 3758; x_wconf 81' lang='lat' dir='ltr'><strong>¹Lectio</strong></span> <span class='ocrx_word' id='word_1_277' title='bbox 468 3698 555 3767; x_wconf 69' lang='lat' dir='ltr'><strong>stoa,</strong></span> <span class='ocrx_word' id='word_1_278' title='bbox 572 3718 656 3778; x_wconf 89' lang='lat' dir='ltr'><strong>quam</strong></span> <span class='ocrx_word' id='word_1_279' title='bbox 669 3695 761 3756; x_wconf 87' lang='lat' dir='ltr'><strong>laudat</strong></span> <span class='ocrx_word' id='word_1_280' title='bbox 771 3695 810 3780; x_wconf 86' lang='lat' dir='ltr'><strong>ibi</strong></span> <span class='ocrx_word' id='word_1_281' title='bbox 828 3697 852 3755; x_wconf 94' lang='lat' dir='ltr'><strong>l.</strong></span> <span class='ocrx_word' id='word_1_282' title='bbox 867 3694 1083 3771; x_wconf 80' lang='lat' dir='ltr'><strong>Broulbusius,</strong></span> <span class='ocrx_word' id='word_1_283' title='bbox 1098 3708 1141 3757; x_wconf 86' lang='lat' dir='ltr'><strong>est</strong></span> 
     </span>
     <span class='ocr_line' id='line_1_32' title="bbox 10 3794 1142 3879; baseline 0.004 -27"><span class='ocrx_word' id='word_1_284' title='bbox 10 3870 11 3875; x_wconf 8' lang='grc' dir='ltr'>η</span> <span class='ocrx_word' id='word_1_285' title='bbox 77 3815 164 3859; x_wconf 70' lang='lat' dir='ltr'><strong>resera</strong></span> <span class='ocrx_word' id='word_1_286' title='bbox 185 3816 221 3856; x_wconf 84' lang='lat' dir='ltr'><strong>ex</strong></span> <span class='ocrx_word' id='word_1_287' title='bbox 240 3795 286 3856; x_wconf 89' lang='lat' dir='ltr'><strong>ed.</strong></span> <span class='ocrx_word' id='word_1_288' title='bbox 313 3794 400 3879; x_wconf 70' lang='lat'><strong>1472.</strong></span> <span class='ocrx_word' id='word_1_289' title='bbox 424 3795 503 3859; x_wconf 79' lang='lat' dir='ltr'><strong>Alias</strong></span> <span class='ocrx_word' id='word_1_290' title='bbox 523 3797 669 3860; x_wconf 81' lang='lat' dir='ltr'><strong>Variantes</strong></span> <span class='ocrx_word' id='word_1_291' title='bbox 687 3819 720 3857; x_wconf 84' lang='lat' dir='ltr'><strong>ex</strong></span> <span class='ocrx_word' id='word_1_292' title='bbox 735 3796 779 3857; x_wconf 91' lang='lat' dir='ltr'><strong>ed.</strong></span> <span class='ocrx_word' id='word_1_293' title='bbox 800 3797 899 3879; x_wconf 68' lang='lat'><strong>1472,</strong></span> <span class='ocrx_word' id='word_1_294' title='bbox 918 3808 966 3856; x_wconf 92' lang='lat' dir='ltr'><strong>aut</strong></span> <span class='ocrx_word' id='word_1_295' title='bbox 982 3818 1017 3857; x_wconf 85' lang='lat' dir='ltr'><strong>ex</strong></span> <span class='ocrx_word' id='word_1_296' title='bbox 1034 3796 1081 3858; x_wconf 86' lang='lat' dir='ltr'><strong>illa</strong></span> <span class='ocrx_word' id='word_1_297' title='bbox 1096 3819 1142 3859; x_wconf 87' lang='lat' dir='ltr'><strong>an.</strong></span> 
     </span>
     <span class='ocr_line' id='line_1_33' title="bbox 10 3894 584 3982; baseline 0.014 -31"><span class='ocrx_word' id='word_1_298' title='bbox 10 3954 16 3981; x_wconf 51' lang='grc' dir='ltr'>Γ</span> <span class='ocrx_word' id='word_1_299' title='bbox 84 3894 170 3982; x_wconf 65' lang='grc' dir='ltr'><strong>ιζγζ,</strong></span> <span class='ocrx_word' id='word_1_300' title='bbox 186 3896 320 3959; x_wconf 84' lang='lat' dir='ltr'><strong>excitatas</strong></span> <span class='ocrx_word' id='word_1_301' title='bbox 335 3897 465 3959; x_wconf 90' lang='lat' dir='ltr'><strong>nondum</strong></span> <span class='ocrx_word' id='word_1_302' title='bbox 479 3897 584 3961; x_wconf 86' lang='lat' dir='ltr'><strong>inveni.</strong></span> 
     </span>
     <span class='ocr_line' id='line_1_34' title="bbox 111 3998 1143 4086; baseline 0.001 -25"><span class='ocrx_word' id='word_1_303' title='bbox 111 3998 270 4061; x_wconf 81' lang='lat' dir='ltr'><strong>blaittarius</strong></span> <span class='ocrx_word' id='word_1_304' title='bbox 282 3998 365 4063; x_wconf 84' lang='lat' dir='ltr'><strong>etiam</strong></span> <span class='ocrx_word' id='word_1_305' title='bbox 378 3999 443 4061; x_wconf 89' lang='lat' dir='ltr'><strong>anni</strong></span> <span class='ocrx_word' id='word_1_306' title='bbox 461 3999 557 4086; x_wconf 67' lang='lat'><strong>1474,</strong></span> <span class='ocrx_word' id='word_1_307' title='bbox 570 4000 726 4063; x_wconf 88' lang='lat' dir='ltr'><strong>editionem</strong></span> <span class='ocrx_word' id='word_1_308' title='bbox 739 3998 832 4062; x_wconf 89' lang='lat' dir='ltr'><strong>laudat</strong></span> <span class='ocrx_word' id='word_1_309' title='bbox 848 4000 914 4063; x_wconf 90' lang='lat' dir='ltr'><strong>loco</strong></span> <span class='ocrx_word' id='word_1_310' title='bbox 929 4013 959 4061; x_wconf 88' lang='lat' dir='ltr'><strong>et</strong></span> <span class='ocrx_word' id='word_1_311' title='bbox 971 3999 1143 4079; x_wconf 87' lang='lat' dir='ltr'><strong>impressore</strong></span> 
     </span>
     <span class='ocr_line' id='line_1_35' title="bbox 84 4098 501 4163; baseline 0.012 -8"><span class='ocrx_word' id='word_1_312' title='bbox 84 4117 132 4159; x_wconf 84' lang='lat' dir='ltr'><strong>non</strong></span> <span class='ocrx_word' id='word_1_313' title='bbox 147 4101 297 4161; x_wconf 89' lang='lat' dir='ltr'><strong>nominato</strong></span> <span class='ocrx_word' id='word_1_314' title='bbox 312 4120 346 4159; x_wconf 84' lang='lat' dir='ltr'><strong>ex</strong></span> <span class='ocrx_word' id='word_1_315' title='bbox 360 4098 501 4163; x_wconf 82' lang='lat' dir='ltr'><strong>Fabricio.</strong></span> 
     </span>
     <span class='ocr_line' id='line_1_36' title="bbox 115 4199 1144 4286; baseline 0.003 -27"><span class='ocrx_word' id='word_1_316' title='bbox 115 4200 193 4283; x_wconf 77' lang='lat' dir='ltr'><strong>Ergo</strong></span> <span class='ocrx_word' id='word_1_317' title='bbox 211 4199 366 4262; x_wconf 85' lang='lat' dir='ltr'><strong>Santenius</strong></span> <span class='ocrx_word' id='word_1_318' title='bbox 379 4202 502 4279; x_wconf 88' lang='lat' dir='ltr'><strong>primum</strong></span> <span class='ocrx_word' id='word_1_319' title='bbox 516 4222 551 4264; x_wconf 88' lang='lat' dir='ltr'><strong>eo</strong></span> <span class='ocrx_word' id='word_1_320' title='bbox 567 4202 738 4278; x_wconf 86' lang='lat' dir='ltr'><strong>inclinabat,</strong></span> <span class='ocrx_word' id='word_1_321' title='bbox 754 4214 789 4263; x_wconf 91' lang='lat' dir='ltr'><strong>ut</strong></span> <span class='ocrx_word' id='word_1_322' title='bbox 798 4216 912 4286; x_wconf 86' lang='lat' dir='ltr'><strong>putaret</strong></span> <span class='ocrx_word' id='word_1_323' title='bbox 923 4203 1062 4280; x_wconf 82' lang='lat' dir='ltr'><strong>exemplar</strong></span> <span class='ocrx_word' id='word_1_324' title='bbox 1073 4200 1144 4262; x_wconf 89' lang='lat' dir='ltr'><strong>illud</strong></span> 
     </span>
     <span class='ocr_line' id='line_1_37' title="bbox 12 4281 1140 4386; baseline -0.001 -25"><span class='ocrx_word' id='word_1_325' title='bbox 12 4281 18 4369; x_wconf 45' lang='grc' dir='ltr'>Γ</span> <span class='ocrx_word' id='word_1_326' title='bbox 90 4296 282 4364; x_wconf 76' lang='lat' dir='ltr'><strong>blmeloreenii</strong></span> <span class='ocrx_word' id='word_1_327' title='bbox 291 4299 379 4363; x_wconf 81' lang='lat' dir='ltr'><strong>baisse</strong></span> <span class='ocrx_word' id='word_1_328' title='bbox 388 4301 559 4376; x_wconf 86' lang='lat' dir='ltr'><strong>editionem,</strong></span> <span class='ocrx_word' id='word_1_329' title='bbox 569 4326 614 4364; x_wconf 91' lang='lat' dir='ltr'><strong>an.</strong></span> <span class='ocrx_word' id='word_1_330' title='bbox 629 4301 722 4385; x_wconf 66' lang='lat'><strong>1475,</strong></span> <span class='ocrx_word' id='word_1_331' title='bbox 735 4316 873 4382; x_wconf 87' lang='lat' dir='ltr'><strong>repertam</strong></span> <span class='ocrx_word' id='word_1_332' title='bbox 887 4303 918 4363; x_wconf 92' lang='lat' dir='ltr'><strong>in</strong></span> <span class='ocrx_word' id='word_1_333' title='bbox 929 4306 989 4385; x_wconf 86' lang='lat' dir='ltr'><strong>ejus</strong></span> <span class='ocrx_word' id='word_1_334' title='bbox 1003 4302 1140 4386; x_wconf 84' lang='lat' dir='ltr'><strong>catalogo.</strong></span> 
     </span>
     <span class='ocr_line' id='line_1_38' title="bbox 15 4387 1143 4489; baseline 0.001 -29"><span class='ocrx_word' id='word_1_335' title='bbox 15 4387 17 4392; x_wconf 35' lang='lat'><strong><em>¹</em></strong></span> <span class='ocrx_word' id='word_1_336' title='bbox 90 4393 147 4461; x_wconf 68' lang='lat' dir='ltr'><strong>idox</strong></span> <span class='ocrx_word' id='word_1_337' title='bbox 160 4401 346 4487; x_wconf 75' lang='lat' dir='ltr'><strong>intelligens,</strong></span> <span class='ocrx_word' id='word_1_338' title='bbox 369 4401 453 4489; x_wconf 80' lang='lat' dir='ltr'><strong>bojas</strong></span> <span class='ocrx_word' id='word_1_339' title='bbox 468 4403 603 4467; x_wconf 89' lang='lat' dir='ltr'><strong>editionis</strong></span> <span class='ocrx_word' id='word_1_340' title='bbox 619 4403 793 4481; x_wconf 79' lang='lat' dir='ltr'><strong>lectionem,</strong></span> <span class='ocrx_word' id='word_1_341' title='bbox 813 4407 849 4479; x_wconf 81' lang='lat'><strong>1,</strong></span> <span class='ocrx_word' id='word_1_342' title='bbox 869 4422 915 4481; x_wconf 89' lang='lat' dir='ltr'><strong>tt,</strong></span> <span class='ocrx_word' id='word_1_343' title='bbox 934 4426 973 4478; x_wconf 83' lang='lat' dir='ltr'><strong>a,</strong></span> <span class='ocrx_word' id='word_1_344' title='bbox 993 4425 1053 4465; x_wconf 91' lang='lat' dir='ltr'><strong>non</strong></span> <span class='ocrx_word' id='word_1_345' title='bbox 1067 4425 1143 4465; x_wconf 78' lang='lat' dir='ltr'><strong>con-</strong></span> 
     </span>
    </p>
   </div>
   <div class='ocr_carea' id='block_1_3' title="bbox 0 0 1295 4972">
    <p class='ocr_par' dir='ltr' id='par_1_3' title="bbox 0 0 1295 4972">
     <span class='ocr_line' id='line_1_39' title="bbox 0 0 1295 4972; baseline 0 0"><span class='ocrx_word' id='word_1_346' title='bbox 0 0 1295 4972; x_wconf 95' lang='lat' dir='ltr'><strong> </strong></span> 
     </span>
    </p>
   </div>
  </div>
 </body>
</html>
