2580 5002
165 704 221 786 xlvj
557 702 617 762 nn
645 702 842 787 rrnunnr

163 833 281 896 inclusa.
303 835 375 895 llaec
388 844 458 895 nota
473 833 616 896 invenitur
632 832 777 910 inlibris,
797 857 812 895 a
832 835 946 896 Thoma
961 835 1126 908 Ferrando,
1148 847 1242 920 typo-

168 934 279 1020 grapho
295 934 450 1009 Brixiano,
478 933 642 1017 impressis,
660 958 688 998 v.
704 957 728 996 c.
745 933 776 993 in
792 934 945 1012 Propertio
962 934 1023 996 sine
1039 935 1107 996 nuni
1120 935 1243 1002 indicio.

167 1037 296 1110 Punzer,
314 1049 385 1098 tom.
403 1037 457 1110 lV,
473 1060 503 1115 p.
522 1033 599 1110 263,
621 1060 651 1096 n.
671 1037 737 1121 147.
759 1038 837 1097 Num
860 1036 948 1120 igitur
966 1035 1097 1098 Tibullus
1120 1039 1207 1099 etiam
1224 1061 1240 1099 e

167 1138 248 1215 prelo
265 1136 441 1198 Ferrandino
456 1136 546 1199 exiit?
563 1150 679 1199 nonest
692 1134 845 1215 probabile.
867 1139 940 1198 Nam
954 1137 1111 1209 character,
1126 1135 1156 1196 in
1172 1161 1240 1219 quo·

168 1237 232 1298 dam
253 1236 459 1310 similitudine,
485 1249 581 1298 tamen
601 1249 644 1299 est
662 1236 828 1311 dissimilis,
854 1258 907 1300 nec
929 1238 1065 1299 convenit
1089 1238 1240 1314 scripturae

168 1359 274 1419 genus,
291 1363 317 1400 v·
336 1360 360 1398 e.
376 1338 550 1422 diphthongi
566 1360 600 1398 oe
617 1350 646 1398 et
659 1359 691 1399 oe
707 1350 841 1417 separatae
857 1338 966 1399 suntin
982 1337 1151 1420 Propertio,
1169 1360 1241 1400 con-

168 1441 275 1521 junctae
289 1439 319 1497 iu
336 1437 465 1502 Tibullo.

211 1540 283 1600 Haec
293 1538 399 1614 editio,
411 1539 492 1621 quod
503 1540 533 1599 in
542 1539 638 1621 primis
648 1538 926 1601 animadvertendum
934 1548 989 1611 cst,
1002 1537 1111 1598 nullum
1122 1560 1242 1619 prorsus

170 1636 201 1696 in
213 1637 268 1698 fine
282 1639 505 1701 additamentum
521 1639 622 1716 habet,
640 1662 693 1702 nec
710 1639 797 1700 Marsi
813 1638 1000 1724 epigramm,
1019 1659 1072 1700 uec
1080 1635 1176 1697 Vitam
1191 1638 1243 1698 Ti-

170 1738 259 1811 bulli,
273 1761 325 1799 nec
342 1740 423 1801 aliam
438 1740 691 1820 subscriptionem
706 1763 760 1823 qua
770 1752 839 1801 nota
851 1738 1037 1824 distinguitur
1048 1736 1083 1798 ab
1094 1736 1244 1811 omnihus,

171 1860 235 1918 quae
250 1839 379 1903 noverim
398 1841 503 1903 Saecnli
516 1842 571 1903 XV
586 1841 728 1920 exemplis.
748 1839 866 1901 Abeunt
887 1840 1003 1920 quidem
1023 1839 1197 1921 epigramma
1217 1851 1247 1899 ct

172 1937 238 1997 Vita
253 1940 336 2003 etiam
349 1941 385 2000 ah
400 1941 529 2024 exemplo
542 1941 710 2003 Pinelliano.
728 1942 769 2003 At
782 1943 840 2003 hoc
854 1952 948 2001 tamen
960 1939 1043 2001 habet
1058 1961 1094 1999 eo
1107 1937 1176 2000 loco
1187 1959 1246 2000 car·

172 2061 239 2100 men
257 2041 429 2103 Ovidianum
440 2054 489 2115 et,
508 2043 586 2124 quod
601 2065 686 2125 supra
697 2043 781 2122 posui
792 2087 801 2116 ,
811 2041 1081 2103 ,distichon-recens.
1092 2041 1174 2123 Ergo
1185 2039 1247 2100 haec

172 2140 254 2218 plone
271 2142 379 2205 diversa
396 2156 466 2204 sunt
480 2145 663 2222 exemplaria,
686 2168 701 2207 e
721 2142 838 2205 diversis
855 2143 956 2222 procul
974 2142 1059 2202 dubio
1077 2140 1156 2201 libris
1175 2164 1247 2223 pro·

172 2241 258 2316 lecta,
276 2266 329 2304 nec
346 2245 407 2306 ullo
423 2245 512 2305 modo
530 2245 666 2306 credibile
682 2258 745 2319 cst,
762 2245 868 2305 nullam
884 2245 914 2304 in
931 2243 965 2303 iis
980 2241 1097 2320 reperiri
1113 2240 1246 2305 lectionis

147 2336 373 2406 ’cliversitatem

413 2540 474 2609 lll.
493 2538 602 2610 Eduxi>
619 2567 673 2611 an.
699 2538 809 2634 1472,
830 2534 916 2627 ιιι-40
935 2534 1013 2606 ιιιίιι.

302 2706 395 2767 hnnu
411 2708 546 2767 Τιιινιιι
563 2709 672 2776 Eourr
688 2710 746 2767 Ro.
762 2707 850 2764 Por.-

301 2818 375 2888 taeq3
395 2807 549 2867 Clarissimi
568 2805 653 2867 Liber
665 2804 804 2890 helegial,
818 2804 931 2865 Primus
947 2803 1028 2883 icipit

219 2937 267 2996 nd
282 2937 367 2997 linem
382 2938 466 3020 hujus
482 2937 616 2998 editionis
634 2937 819 3019 Epitaphium
836 2936 945 2998 Tibulli
962 2939 1105 3012 (anctore
1119 2938 1253 2999 Domitio

180 3040 302 3114 Marso)
320 3037 423 3121 legitur
437 3039 494 3099 ita:

349 3182 375 3238 E
393 3202 482 3263 quoq:
500 3180 613 3264 uirgilio
631 3183 735 3242 comite¹
751 3197 790 3243 no
805 3203 891 3264 aequa
906 3179 1007 3243 tibullc

388 3283 469 3343 Mors
484 3281 587 3344 iuuene
604 3303 689 3360 capos
706 3283 783 3342 misit
797 3298 809 3342 ῑ
825 3281 921 3345 elisios

343 3387 390 3446 Nc
405 3383 481 3446 soret
497 3394 545 3444 aut
560 3383 646 3466 elegis
663 3382 762 3444 molles
779 3411 797 3453 u
814 3386 891 3446 llcret
907 3403 1016 3443 amores
1046 3384 1049 3389 ’

389 3513 575 3576 Autcaueret
589 3515 656 3576 lorti
671 3512 762 3576 tristia·
776 3461 846 3575 liclia
859 3515 940 3594 pede.

186 3656 309 3718 Accedit
322 3655 412 3719 breve
421 3659 521 3719 Poetae
536 3659 680 3743 elogium,
696 3671 728 3718 ut
743 3657 841 3718 scribit
851 3661 1006 3732 Panzerus,
1021 3669 1092 3719 tom.
1105 3658 1163 3732 IV,
1174 3680 1205 3735 p.
1218 3654 1254 3730 8,
1287 3672 1289 3679 ’

186 3758 217 3820 id
230 3771 290 3834 est,
303 3760 368 3820 Vita
379 3759 495 3820 Tibulli.
516 3759 601 3819 Char.
618 3762 668 3818 ἰαί.
684 3761 745 3819 sine
762 3763 834 3840 sign.
852 3771 922 3820 cust.
939 3771 966 3820 et
978 3782 1060 3840 pagg.
1078 3780 1154 3819 num.
1172 3758 1257 3819 Adde

189 3860 289 3933 etiam,
302 3858 361 3920 sinc
373 3859 430 3920 loci
441 3872 506 3921 uota
522 3871 551 3919 ct
561 3859 626 3920 anni
638 3903 647 3933 ,
664 3859 713 3942 qui
723 3859 865 3944 subjectus
876 3859 1191 3939 cstPropertio..Hanc
1202 3856 1259 3920 edi-

189 3960 297 4022 tionem
318 3960 424 4039 primus
442 3960 570 4022 omnium
591 3973 720 4022 accurate
740 3960 889 4040 descripsit
904 3974 933 4022 et
949 3984 964 4021 a
979 3960 1088 4022 Veneta
1105 3959 1198 4038 princ.
1216 3981 1259 4020 an.

194 4061 287 4145 1472,
300 4060 334 4121 de
349 4083 401 4143 qua
412 4060 545 4138 deinceps
554 4038 681 4144 agetur:
689 4060 915 4145 distinguendam
923 4083 982 4123 esse
994 4060 1066 4124 vidit
1076 4058 1260 4121 hudill‘redus

191 4161 221 4220 in
237 4160 325 4223 Catal.
339 4162 476 4224 historico
489 4160 579 4223 critic.
593 4164 680 4223 Rom.
697 4161 762 4221 edd,
778 4161 880 4223 Saeculi
893 4164 963 4237 XV,
977 4187 1004 4246 p.
1020 4161 1097 4238 llo,
1112 4183 1198 4244 qoem
1214 4183 1261 4222 se·

193 4263 453 4349 quitur-hlorellios
471 4263 500 4321 in
519 4262 664 4342 Epistola,
684 4288 711 4347 p.
725 4262 762 4343 5,
780 4287 839 4325 non
858 4267 984 4347 sequitur
999 4263 1145 4347 Heynius,
1161 4286 1191 4341 p·
1203 4262 1260 4339 45,

192 4364 236 4424 ed.
253 4366 308 4424 111.
326 4366 423 4434 Hanc,
443 4375 544 4445 rogatu
556 4365 712 4440 lluschlrii,
726 4346 790 4427 cum
802 4365 870 4427 Ald.
881 4390 925 4427 an.
941 4365 1034 4437 1502,
1047 4364 1171 4426 contulit
1184 4365 1261 4426 Gre-

192 4465 289 4547 gorius
305 4465 423 4547 Zalycus
439 4462 700 4530 Thessalonicensis
714 4466 748 4529 ad
765 4467 923 4548 exemplum
934 4465 1092 4531 Parisicnse
1107 4510 1115 4543 ,
1132 4466 1164 4528 in
1181 4488 1258 4552 quo,
