2580 5002
274 665 537 728 contentus
564 665 622 726 ET
648 664 973 727 Enlttotttttus.
1089 664 1155 748 lxvii
1271 685 1277 705 t

88 797 205 861 bullum
216 799 272 874 Ill,
287 816 323 874 t,
342 796 417 873 108,
433 798 482 859 ubi
499 798 551 859 tria
567 796 650 880 hujus
667 796 800 859 editionis
815 797 1001 877 exemplaria,
1018 819 1082 878 quae
1097 798 1158 877 ipse

88 900 247 981 possideo,
264 902 303 965 ita
317 899 471 973 disserunt,
489 912 521 961 ut
538 922 648 974 unum,
664 899 738 959 baud
757 898 842 961 dubie
857 902 1058 984 archetypum,
1076 899 1158 960 exbi-

88 1000 157 1063 beat
170 1022 179 1059 :
191 1000 284 1061 Fortes
296 1000 406 1084 iapig'ue
423 1000 520 1072 miles,
538 998 692 1059 secundum
706 1010 736 1059 et
750 997 866 1059 tertium
881 1002 1004 1082 iupigio.
1019 1000 1090 1060 Mox
1104 1021 1157 1059 ac—

88 1101 219 1163 curatius
234 1099 379 1181 inquirens
394 1098 589 1178 deprehendi,
606 1098 667 1159 baec
680 1095 846 1174 exemplaria
859 1095 931 1157 locis
943 1096 1090 1173 permultis
1105 1096 1162 1157 dis-

89 1218 209 1276 crepere
223 1218 283 1257 non
294 1197 388 1259 solum
400 1195 432 1257 in
444 1195 580 1269 Tibullo,
596 1195 646 1257 sed
660 1197 743 1256 etiam
762 1194 791 1253 in
809 1193 923 1255 Catullo
940 1204 969 1252 et
984 1193 1159 1275 Propertio,

88 1300 187 1364 redire
201 1311 296 1361 autem
310 1321 373 1361 rem
387 1299 422 1359 ad
438 1298 538 1359 menda
559 1295 771 1382 typographica.
788 1297 865 1357 Tum
884 1293 1084 1369 animadverti,
1100 1296 1159 1356 duo

88 1421 107 1463 e
123 1397 218 1462 triluu
231 1397 433 1478 exemplaribus
454 1395 524 1458 meis
540 1419 629 1458 meras
649 1420 710 1459 esse
725 1396 910 1476 repetitiones
925 1395 1044 1470 Aldini,
1061 1397 1092 1457 in
1108 1397 1160 1458 alia
1233 1386 1236 1393 ¹

89 1496 209 1561 officina
220 1495 382 1571 hbricatas,
395 1495 470 1558 sicut
480 1495 570 1566 illud,
583 1495 661 1577 quod
672 1495 702 1554 in
714 1494 929 1556 Commentario
943 1495 978 1554 ad
988 1494 1092 1555 librum
1103 1496 1163 1574 pri-

88 1618 171 1659 mum
183 1596 303 1661 subinde
313 1597 467 1660 memoravi
481 1596 629 1657 subtitulo
643 1596 697 1655 tte
711 1595 770 1656 Vct.
785 1597 882 1655 sinen.
893 1596 951 1654 etl.
964 1594 1085 1666 indicio,
1097 1615 1161 1655 v.c.

89 1696 176 1769 adl,
192 1714 226 1770 v,
243 1694 316 1779 7-8,
334 1695 436 1758 deinde
449 1696 484 1756 ad
498 1696 547 1769 11,
563 1714 594 1772 t,
610 1692 841 1779 37-38,vocavi
857 1693 1048 1757 nattam.
1065 1686 1174 1769 1511,

91 1795 175 1877 cujus
192 1792 367 1856 mentionem
384 1793 546 1876 injecerunt
560 1796 652 1857 multi.
675 1798 762 1858 Nunc
781 1796 863 1857 etiam
881 1795 962 1869 scio,
983 1793 1092 1855 Aldum
1108 1797 1162 1877 jam

90 1890 188 1970 ἰριιιιιι
204 1891 239 1952 de
255 1892 353 1953 haere
370 1906 502 1974 questum
519 1915 580 1955 esse
597 1917 661 1955 cnm
675 1907 836 1971 temporum
854 1915 972 1954 suorum
987 1876 1160 1975 aequalibus,

90 2004 268 2054 accumntem
280 1991 392 2074 publice
403 1992 671 2056 fraudulentaeillins
681 1993 870 2055 fabricationis
880 1992 1076 2078 typographos
1084 1993 1161 2075 Lug·

91 2088 236 2151 dunenses
250 2091 280 2148 in
293 2088 404 2165 Gallia,
423 2092 472 2172 qui
487 2091 626 2152 editiones
645 2115 706 2152 suas
725 2114 780 2165 eo,
798 2114 857 2172 quo
874 2091 929 2151 dixi
939 2135 948 2162 ,
965 2089 1054 2152 modo
1074 2110 1161 2166 repe-

91 2197 211 2262 terent,
235 2188 383 2269 ipsumque
402 2188 506 2249 laboris
525 2189 570 2249 sui
590 2188 683 2251 sructu
701 2192 852 2268 privarent.
875 2190 950 2266 Quae
972 2210 1016 2249 res
1040 2199 1073 2249 nt
1090 2186 1161 2247 mire

93 2285 225 2363 corrupit
243 2286 354 2349 annales
372 2289 609 2371 typographicos,
625 2290 663 2348 ita
678 2291 758 2350 etiam
776 2290 949 2368 perturbavit
964 2287 1095 2350 lectionis
1112 2308 1162 2364 per

94 2383 231 2447 Aldinam
245 2399 406 2470 propagatae
417 2388 564 2449 historiam
579 2388 720 2448 criticaml
735 2416 750 2441 n

128 2568 316 2670 ,Ceraunus
333 2568 475 2630 Tibullus.
491 2570 661 2648 Propitius,
679 2593 724 2631 an.
740 2570 835 2646 1502,
851 2569 939 2632 in-80.

134 2710 185 2772 Sic
200 2709 287 2771 estin
301 2710 456 2793 archetypo
473 2708 605 2785 Aldino,
623 2722 699 2773 certe
713 2733 798 2786 meo,
820 2734 880 2773 non
899 2712 1058 2792 Propertius
1075 2723 1093 2769 ¹.
1109 2713 1161 2771 ln-

92 2812 176 2897 signe
195 2807 281 2883 Aldi,
299 2808 448 2886 delphinus
463 2808 597 2870 anchorae
613 2809 782 2884 involutus,
805 2811 840 2871 ab
862 2811 912 2871 bac
928 2809 1054 2872 editione
1074 2809 1162 2872 abest.
1247 2849 1256 2869 .

92 2908 232 2991 Sequitur
245 2908 277 2967 in
291 2908 375 2969 altera
392 2909 467 2969 tituli
479 2910 579 2993 pagina
595 2912 716 2973 Manutii
731 2910 880 2989 Epistola,
898 2910 1032 2989 inscripta
1042 2910 1083 2971 sic
1094 2934 1101 2969 :
1114 2912 1162 2972 At.

92 3010 159 3071 Mu.
177 3008 231 3069 Ro.
255 3008 371 3069 Marino
392 3012 517 3071 Suuurto
536 3011 657 3072 Patritio
675 3013 778 3072 Veneto
798 3010 949 3074 Benedicti
969 3010 1051 3072 Filio.
1069 3013 1098 3071 S.
1115 3010 1163 3088 Ad

90 3108 180 3170 finem
197 3107 303 3170 Catulli
317 3108 423 3192 legitur
441 3110 558 3171 Hierum
574 3110 700 3171 Aramis·
713 3110 748 3170 ad
764 3110 905 3171 Marinum
917 3110 1076 3171 Sannutum
1087 3110 1163 3188 epis-

92 3207 169 3283 tota,
187 3230 243 3290 qua
261 3209 446 3272 continentur
461 3210 673 3273 emendationes
693 3210 723 3270 in
743 3210 919 3272 Lucretium.
937 3209 986 3271 Ad
1005 3210 1108 3273 calcem
1132 3208 1163 3271 in

93 3305 181 3369 altera
195 3307 305 3391 plagula
315 3320 377 3369 est:
395 3310 423 3370 V
421 3311 519 3369 enetiis
530 3311 560 3370 in
571 3309 679 3371 aedibus
695 3308 884 3373 Atriaticum
898 3309 1026 3394 januario
1041 3310 1162 3385 M-DII,

92 3423 151 3468 nec
168 3401 230 3465 sine
248 3404 398 3487 privilegio
415 3418 448 3465 ut
471 3406 501 3468 in
526 3406 656 3479 caeteris3
679 3407 710 3467 in
728 3407 830 3484 altera,
852 3408 995 3480 Catullus,
1024 3407 1162 3482 Tibullus,

94 3500 263 3585 Propertius.
286 3504 361 3580 Quae
375 3506 495 3588 plagulae
511 3528 585 3590 saepe
602 3507 718 3591 abjectae
733 3530 749 3567 a
763 3507 983 3591 glutinatoribus
999 3506 1167 3589 opinionem

92 3606 288 3688 pepererunt,
305 3604 377 3665 hauc
392 3604 547 3667 editionem
563 3607 666 3680 etiam,
684 3618 718 3667 ut
733 3609 863 3692 lleynius
882 3607 1001 3682 scribit,
1018 3609 1080 3666 sine
1094 3610 1168 3665 unni

92 3710 123 3761 et
134 3701 192 3760 toci
203 3711 271 3763 uota
283 3712 417 3783 prostare.
429 3703 498 3765 Tria
511 3703 596 3786 hujus
612 3704 756 3788 archetypi
773 3705 898 3787 exempla
914 3701 998 3764 simul
1014 3700 1052 3763 ob
1064 3702 1165 3763 oculos

91 3798 214 3866 habebat
229 3804 392 3888 Freytagius
410 3803 565 3888 (Adparet
579 3805 681 3868 Litter.
700 3818 771 3868 tom.
785 3807 818 3882 l,
833 3829 861 3888 p
878 3801 936 3888 487
950 3806 980 3881 ),
999 3804 1075 3866 nulla
1089 3804 1121 3865 in
1134 3826 1166 3866 re

128 4014 138 4047 ¹
156 4013 278 4066 Annales
294 4017 326 4066 de
339 4016 517 4083 t'impn'mm‘e
528 4021 573 4070 des
588 4018 672 4079 Arae,
692 4037 725 4069 ou
741 4016 860 4070 Histoire
877 4021 922 4070 des
935 4023 1000 4071 trois
1012 4019 1127 4073 Marsuae
1139 4031 1165 4072 et

95 4100 128 4152 de
141 4099 211 4151 leurs
225 4099 349 4160 editions,
368 4120 411 4173 par
424 4103 483 4153 Ant.
499 4105 567 4175 Aug.
579 4103 732 4167 Renouard,
753 4116 770 4154 t.
785 4103 839 4168 tlt,
858 4122 914 4175 pag.
928 4124 951 4169 ⁷·
974 4106 1008 4157 Le
1024 4105 1081 4157 titre
1095 4117 1164 4178 porte

97 4188 179 4238 tautbt
199 4184 364 4253 Propertius,
391 4193 471 4239 tantht
491 4187 647 4256 Pmpetr'us,·
665 4189 727 4242 mais
749 4201 811 4242 cette
832 4190 899 4242 laute
916 4190 1113 4266 typographique
1134 4211 1166 4242 ne

97 4269 190 4323 denote
201 4288 245 4345 pas
258 4290 308 4322 une
322 4270 414 4325 double
432 4272 535 4324 edition.
557 4277 590 4326 la
603 4275 742 4329 correction
756 4294 771 4326 a
788 4276 825 4327 e'te'
841 4275 899 4328 faite
915 4276 1027 4350 pendant
1039 4276 1063 4327 le
1077 4273 1164 4348 tirage.

96 4349 182 4404 Etiam
195 4352 347 4431 exemplaria
358 4354 408 4406 duo
416 4354 569 4417 adulterine,
577 4376 634 4425 quae
645 4377 721 4429 penes
728 4356 887 4411 lluscbkium
894 4372 980 4423 erant,
995 4357 1023 4410 in
1034 4356 1107 4409 titulo
1119 4355 1164 4409 ha·

96 4435 160 4490 beat
170 4434 322 4507 stupeum,
338 4439 365 4492 iu
379 4437 432 4495 tine
443 4440 610 4509 Propertius,
625 4440 688 4495 sieut
700 4441 759 4494 tlt.
