2550 4972
143 366 160 403 x
413 339 668 405 emunito
693 344 938 406 EDITORIS.

83 539 84 543 ,
142 504 253 562 nuuc,
277 474 364 551 iuter
388 472 507 549 heroas
523 490 689 560 versatur,
712 503 821 576 neque
843 475 1024 576 quidquam
1040 476 1208 552 borriduli

141 592 319 696 poematis,
335 588 566 692 quodTibullo
578 589 779 683 obtrudunt,
790 610 994 694 compertum
1002 593 1207 670 habetNam

142 706 222 781 latet
239 734 326 791 eum,
347 722 413 777 tam
426 702 514 779 soedo
530 705 671 778 carmine
685 732 743 778 sua
757 705 841 779 facta
855 706 1016 781 celebrata
1030 707 1145 797 fuisse,
1164 740 1207 784 ne

141 821 319 923 triumphis
330 819 413 895 mala
421 840 584 923 precatus,
594 850 665 895 sese
672 822 785 924 potius
793 822 958 896 devictum
965 843 1095 914 voveat,
1106 856 1206 927 quarn

139 939 185 1011 ita
202 954 368 1011 cantatum
385 936 555 1012 victorem.

190 1053 301 1143 Delia,
319 1055 443 1129 rubore
457 1054 592 1129 subsusa
606 1082 720 1151 genas,
735 1054 873 1154 pudoris
887 1052 1012 1154 aliquid
1025 1055 1205 1143 retinebat;
1243 1152 1246 1156 Ι

139 1167 295 1245 leullns
308 1198 386 1244 vero
402 1168 521 1242 leniter
530 1167 605 1242 irati
620 1166 747 1242 vultum
759 1197 827 1268 prae
843 1197 878 1244 se
891 1168 1015 1257 serens,
1029 1168 1082 1243 his
1096 1171 1206 1244 verbis

139 1316 193 1361 mc
210 1288 444 1389 obstupentem
461 1284 667 1387 alloquitur:

189 1403 336 1489 Obone‚
347 1399 564 1503 typographis
573 1428 661 1474 nunc
670 1398 831 1475 sollicitus
842 1419 877 1475 tu
885 1399 1056 1476 maledieta
1066 1403 1208 1499 ingeris,

140 1551 281 1624 quorum
292 1519 425 1594 minima
438 1517 533 1621 culpa
545 1517 682 1591 rationis
697 1534 864 1618 expertem
878 1535 910 1591 te
922 1517 1009 1591 lacit.
1022 1520 1110 1617 Quid
1128 1550 1207 1596 vero

141 1635 170 1711 si
187 1636 248 1711 tibi
259 1634 387 1723 eadem,
404 1663 475 1736 quae
490 1634 587 1720 mibi,
602 1632 821 1707 accidissent?
834 1633 906 1720 Me,
924 1661 1020 1733 quem
1033 1634 1068 1704 in
1081 1633 1208 1710 deliciis

140 1750 330 1826 babuerunt
343 1778 485 1826 romane
496 1748 629 1850 puellae;
644 1778 711 1836 me,
729 1777 847 1851 quem,
865 1765 1004 1849 propter
1015 1747 1121 1824 dulcia
1137 1780 1210 1825 car-

140 1868 244 1957 mina,
261 1886 312 1942 tot
325 1868 389 1942 sibi
406 1884 585 1940 amatorem
601 1864 816 1966 exoptarunt,
831 1883 913 1966 quot
926 1864 962 1937 in
974 1865 1061 1939 circo
1081 1886 1210 1968 specta-

140 2002 223 2060 turae
237 1983 290 2059 vel
313 1982 497 2085 spectandae
514 1983 685 2071 sedebant,
700 2012 804 2070 nunc,
827 2011 891 2055 uua
915 2011 989 2056 cum
1008 1981 1102 2057 Delia
1120 2013 1207 2076 mea,

139 2102 255 2201 viginti
266 2101 388 2176 abhinc
402 2099 541 2189 seculis,
558 2129 610 2174 me
626 2116 716 2174 tenet
727 2098 871 2172 vinctum
881 2096 962 2172 dives
971 2099 1002 2170 io
1015 2098 1123 2200 quava
1135 2099 1210 2174 tun·-

138 2217 198 2295 dos
214 2216 316 2291 Orcus
324 2226 441 2317 ιμ’,
456 2235 488 2291 et
498 2213 915 2315 melpraeternomen'nihil
926 2234 1112 2314 superest...
1128 2218 1209 2313 Quo

138 2334 249 2408 auimo
259 2360 311 2406 me
321 2351 419 2431 putas
429 2332 464 2402 iu
473 2332 669 2425 interpretes
677 2329 768 2415 esse,
786 2359 927 2430 quorum
940 2330 1052 2405 nullus
1067 2333 1207 2416 exstitit,

139 2446 221 2549 quin
235 2472 288 2517 me
305 2443 417 2543 aliquo
434 2440 598 2516 vocabulo
615 2440 800 2542 spoliaret?
818 2444 897 2538 Quo
909 2446 946 2518 in
961 2443 1132 2530 librarios,
1152 2449 1209 2547 qui

140 2558 286 2634 codicem
301 2585 402 2657 super
418 2556 531 2629 codice
546 2573 791 2644 coacervantes,
816 2585 857 2631 ue
875 2555 1057 2631 litterarum
1077 2562 1210 2660 quidem

141 2676 260 2750 ductus
276 2699 406 2760 servare
420 2671 548 2758 idonei,
565 2670 703 2769 Elegos,
723 2701 807 2774 quos
825 2674 1021 2762 cecinnam,
1037 2673 1159 2750 soedum
1174 2678 1210 2749 in

136 2793 273 2867 modum
290 2789 541 2863 defomiaruut?
559 2792 638 2886 Quo
650 2791 786 2865 tandem
803 2791 837 2863 in
856 2791 948 2891 ipsos
968 2793 1129 2881 editores,
1151 2796 1209 2894 qui

137 2905 222 2980 nibil
236 2931 305 2977 nou
317 2902 436 2990 secere,
455 2919 494 2975 ut
508 2902 611 2991 mala,
629 2903 680 2977 vel
699 2905 832 3005 potius,
851 2922 890 2976 ut
905 2903 1084 2978 calumnias
1102 2907 1142 2979 de
1157 2936 1210 2980 me

87 3037 90 3043 '
135 3025 244 3124 deque
267 3019 361 3095 Delia
383 3018 639 3119 pervulgarent?
649 3078 763 3094 .......
794 3024 890 3095 Nunc
915 3051 1029 3095 rumor
1049 3025 1138 3123 apud
1156 3025 1210 3096 in-

135 3141 223 3217 leros
240 3156 309 3226 est,
339 3155 373 3210 tc
395 3166 528 3237 quoque
548 3166 653 3234 nugas
673 3155 744 3211 tuas
773 3136 909 3212 illorum
932 3137 1063 3212 delictis
1089 3141 1210 3216 addere

136 3257 237 3346 velle,
255 3282 441 3354 novamque
455 3251 564 3327 moliri
583 3253 781 3341 editionem;
802 3284 874 3355 quae
895 3284 992 3329 causa
1007 3255 1083 3342 l'uit,
1103 3275 1210 3329 curte

136 3375 394 3453 conveniremus.
414 3371 579 3459 Praedico,
602 3389 634 3444 et
651 3401 786 3472 precor,
805 3402 822 3445 a
841 3390 934 3445 tanto
954 3371 1091 3446 vulnere
1104 3373 1211 3446 absti-

137 3517 232 3575 neas;
245 3514 322 3561 nam
332 3487 360 3559 si
368 3485 579 3588 propositum
589 3486 701 3560 eodem
710 3486 826 3571 modo,
839 3513 906 3585 quo
917 3483 1035 3586 reliqui
1048 3486 1207 3573 editores,

135 3604 284 3709 perficis,
302 3631 355 3677 res
371 3630 509 3704 prorsus
524 3603 560 3675 iu
581 3601 763 3701 desperatis
781 3617 881 3700 atque
901 3600 1040 3699 perditis
1055 3601 1210 3675 habenda

140 3721 218 3810 crit,
232 3738 270 3793 ut
279 3718 431 3793 lubenter
444 3718 607 3820 quidquid
622 3745 751 3817 papyro
766 3705 1008 3803 mandaveram,
1024 3716 1093 3812 igni
1108 3718 1210 3790 devo-

139 3837 280 3911 randum
295 3836 525 3911 concesserim.
542 3835 674 3906 Ferrem
689 3851 815 3921 tamen,
834 3833 861 3907 si
874 3850 1040 3921 truncata,
1053 3832 1081 3906 si
1096 3862 1210 3906 manca

176 4117 184 4145 ¹
198 4114 251 4168 ιιι,
264 4115 317 4180 ιιι,
332 4113 372 4166 m.
387 4129 435 4179 ιιι,
450 4132 473 4161 v.
486 4111 525 4164 sa.
