2580 5002
108 698 150 761 28

361 716 370 737 ⁰
434 693 584 762 ALBII
612 694 842 762 TIBULLI

105 830 166 905 llle
185 829 261 905 licet
279 829 419 906 Cilicum
436 833 536 908 victas
553 852 628 929 agat
644 851 718 908 ante
735 852 899 923 catervas,

156 948 265 1020 Ponat
281 965 314 1021 et
331 948 366 1020 in
384 967 480 1049 capto
497 950 619 1023 Martia
637 968 742 1023 castra
759 949 851 1039 solo,

109 1062 218 1135 Totus
236 1080 266 1136 et
288 1081 423 1159 argento
443 1082 638 1154 contextus,
657 1083 748 1139 totus
766 1084 799 1140 et
816 1095 912 1154 auro,

159 1178 303 1253 Insideat
320 1179 418 1254 celeri
436 1181 687 1281 conspiciendus
705 1209 809 1282 equo;

108 1297 186 1396 lpse
203 1296 321 1385 boves,
340 1298 441 1372 modo
459 1299 520 1372 sim
539 1317 665 1388 tecum,
683 1328 755 1373 mea
772 1297 887 1387 Delia,
901 1298 1032 1400 possim

158 1413 319 1509 Jungere,
339 1433 371 1486 et
388 1416 423 1487 in
441 1415 513 1489 solo
530 1445 661 1516 pascere
679 1433 790 1490 monte
808 1443 925 1516 pecus3

110 1566 190 1622 victas
210 1570 260 1639 agit
280 1582 413 1637 catervas,
428 1577 496 1639 ipsc,
520 1581 621 1624 amator

112 1650 221 1715 scilicet,
234 1652 302 1721 apud
315 1653 420 1706 Deliam
433 1653 620 1722 bovesjungat.

111 1729 304 1783 Brouclclrusius
312 1731 360 1785 lioc
369 1732 426 1785 loco
438 1731 520 1784 multa
529 1730 621 1783 erudi-

112 1806 191 1859 tionis
204 1807 288 1872 mole,
303 1808 335 1862 de
352 1809 426 1862 Sosio
439 1809 552 1878 quodam
567 1828 621 1860 ne-

112 1883 165 1937 scio
177 1884 239 1952 quid
254 1888 379 1951 somniat,
390 1899 418 1940 ut
433 1893 457 1941 τὶ
467 1892 511 1940 ille
523 1887 553 1939 ad
567 1905 621 1938 cer·

113 1972 171 2015 tum
184 1963 320 2018 hominem
329 1966 422 2018 reserri
432 1967 518 2034 possit.
531 1967 620 2036 lleyn.

112 2041 157 2108 qni
172 2041 226 2095 haec
246 2043 277 2096 ad
295 2043 459 2110 triumphum
473 2043 504 2095 de
530 2041 621 2094 Cilicia

113 2119 212 2188 pariter
224 2122 365 2183 retulerat,
379 2121 537 2172 sententiam
555 2137 621 2170 mu-

115 2200 177 2251 tavit
190 2199 345 2267 agnovitque
365 2197 407 2250 hic
423 2198 462 2266 agi
476 2195 508 2248 dc
521 2197 620 2248 incerta

115 2295 240 2345 persoua3
260 2276 323 2343 quin
343 2275 408 2327 adeo
420 2273 526 2327 sortasse
539 2273 623 2342 agitur

115 2353 148 2406 cle
155 2357 314 2422 hypothetica
325 2355 391 2406 etde
401 2371 554 2420 quacunque,
565 2369 623 2419 quae

115 2430 221 2483 Deliam
247 2450 302 2483 non
329 2450 419 2483 amore
441 2429 622 2484 sollicitaverit.

118 2508 183 2575 Quo
192 2508 259 2562 circa
268 2506 333 2561 milii
343 2508 465 2582 Heynius
472 2518 498 2561 et
508 2505 623 2561 Huschln

116 2607 204 2641 errare
228 2588 353 2642 videntur
372 2590 416 2657 qui
435 2601 493 2659 post
513 2587 623 2640 verbum

110 2667 166 2733 suit
177 2668 327 2722 desiderant
338 2674 429 2722 maluit
437 2668 478 2721 vel
489 2671 623 2728 maluerat,

118 2745 191 2814 qnasi
204 2752 229 2799 eo*
232 2745 291 2811 sur't
300 2747 415 2799 absolute
423 2748 538 2815 positum
552 2755 625 2798 esset.

119 2824 627 2893 Nuucsuperestutdemonstrcmussu·

119 2897 626 2969 perioracumsequcntibusbenecolrae·

120 2998 180 3032 rere
192 3019 200 3043 ,
213 2980 304 3049 quain
318 3001 346 3033 re
360 3001 414 3033 non
428 2980 543 3033 multum
555 2979 628 3033 autla-

120 3058 214 3110 bimus.
228 3058 308 3111 Initio
328 3059 400 3112 enim
416 3060 494 3127 hujus
515 3059 627 3129 Elegiae,

121 3135 282 3189 lamentatur
290 3148 366 3207 poeta
376 3138 407 3190 ‹le
417 3140 534 3192 obserata
543 3150 626 3208 porta,

122 3225 180 3266 turn
196 3214 309 3283 puellam
330 3216 483 3270 adhortatur
496 3228 525 3269 ut
543 3218 628 3270 mari-

124 3301 182 3343 tum
195 3291 305 3363 decipiat
321 3317 328 3359 ς
345 3294 441 3347 deinde
461 3313 526 3364 sagae
542 3294 630 3349 laudat

124 3373 301 3441 artes,quibus
309 3375 397 3427 omnia
408 3377 506 3428 moveri
516 3385 629 3445 possunt.

125 3448 248 3519 Denique
261 3452 373 3506 declarat
383 3473 410 3506 se
419 3473 630 3520 nunquamamo

125 3547 154 3580 re
172 3527 275 3583 liberari
292 3531 372 3594 velle3
387 3533 421 3585 ita
441 3532 631 3599 verbisserreus

125 3609 168 3658 r'lle
171 3606 229 3675 suit
235 3628 324 3662 sensus
334 3610 432 3677 optime
444 3611 630 3676 continuatur,

126 3690 243 3758 quamvis
255 3710 316 3743 eum
330 3693 366 3743 ll.
382 3693 456 3744 Voss.
475 3692 590 3760 ruperit;
610 3693 632 3746 is

126 3769 198 3820 enirn
209 3779 235 3820 te
247 3769 317 3822 velut
330 3776 502 3823 accusativum
518 3770 550 3822 acl
567 3790 628 3822 ver-

126 3845 190 3897 bum
209 3866 293 3900 carere
314 3847 417 3913 cctulit,
440 3848 631 3917 ablativumque

102 3974 104 3979 ,
127 3922 245 3988 sustulit,
264 3925 334 3993 quod
346 3938 438 3980 contra
450 3925 582 3979 sincerum
593 3926 633 3979 la-

127 4000 177 4054 tini
188 4003 316 4056 sermonis
327 4023 404 4057 usum
418 4005 486 4058 sacia,

160 4080 201 4150 69.
223 4083 320 4135 Vr'ctas.
332 4082 354 4134 E
367 4082 486 4151 sequenti
498 4101 574 4135 versu
586 4101 632 4150 pa-

131 4170 168 4213 tet
178 4160 221 4214 hic
229 4162 269 4230 agi
277 4161 309 4215 de
321 4161 438 4216 tionibus
446 4181 518 4215 nunc
529 4162 634 4230 lugien-

128 4242 211 4303 tibus‚
225 4262 337 4312 quorum
349 4246 486 4315 regionem
497 4245 577 4298 hostis
590 4262 635 4298 oc-

130 4324 635 4393 cupat;quamobremlectionemvi'ctas

131 4404 265 4472 anteposui
276 4402 379 4458 lectioni
391 4408 499 4463 vinctas,
512 4421 569 4473 quae
580 4421 634 4457 non

132 4481 181 4536 nisi
191 4483 376 4556 triumphatori
387 4483 518 4539 convenit.

704 1592 741 1639 71.
757 1570 931 1624 Coutcttusad
940 1579 1043 1624 vestem
1050 1571 1176 1640 pertinet,

669 1650 1176 1720 quavictorindutuscelen'e'nsr'deteqao,

670 1746 752 1796 quum
760 1747 791 1779 eu
801 1726 852 1781 acie
861 1729 1003 1781 revertitur
1012 1747 1019 1780 ε
1029 1728 1121 1797 itaque
1129 1728 1176 1782 hec

670 1805 749 1857 verba
763 1804 794 1856 ad
814 1824 937 1874 pompam
949 1816 1069 1874 spectare
1085 1806 1178 1859 viden-

670 1893 730 1948 tur,
747 1904 796 1952 qua
810 1885 861 1936 dux
874 1884 989 1953 praedam
1000 1885 1074 1938 inter
1087 1886 1178 1939 milites

670 1961 769 2014 dividit.
776 1961 1178 2030 Vulpiusputathocloco'libul·

669 2037 724 2090 lum
732 2041 879 2093 ovationem
891 2041 1084 2108 respexisse.-
1094 2040 1180 2095 Ono·

670 2125 708 2167 us
719 2136 780 2169 sane
793 2117 837 2168 illo
846 2128 965 2185 tempore
979 2136 1052 2186 equo
1064 2118 1178 2172 Roman

670 2192 810 2259 intrabant,
823 2214 908 2262 neqire
917 2205 1053 2264 praetexta,
1064 2207 1096 2250 ut
1105 2208 1177 2262 ante,

672 2270 801 2338 republica
816 2272 910 2338 libera,
926 2272 971 2326 sed
990 2284 1066 2328 veste
1086 2275 1181 2328 trium·

672 2347 741 2415 phali
757 2349 905 2401 utebantur.
918 2350 955 2403 H.

704 2426 741 2492 73.
755 2428 898 2493 Ipsebooes.
910 2427 1050 2481 Editiones
1059 2440 1178 2495 veteres,

670 2502 697 2555 in
707 2504 746 2558 his
758 2505 876 2574 princeps
889 2507 1012 2560 omnium
1022 2510 1088 2562 anni
1107 2512 1180 2580 1472,

672 2604 685 2626 «
698 2584 755 2651 lpse
773 2585 852 2637 boves
872 2603 931 2637 mea
952 2584 974 2638 si
994 2597 1087 2640 tecum
1103 2586 1181 2641 morlo

672 2661 747 2714 Delia
763 2682 871 2730 possem.
891 2686 905 2711 n
925 2664 1018 2732 Quam
1038 2667 1181 2720 verbnm

672 2749 828 2793 structuram
840 2742 957 2796 retinens
968 2742 1090 2811 Scaliger
1096 2752 1124 2798 sa·
1131 2762 1183 2798 mn·

674 2819 734 2870 tavit
745 2818 771 2870 in
784 2825 839 2871 stira.
857 2820 892 2874 Et
904 2819 940 2872 sic
957 2820 1086 2891 Heynius
1095 2821 1183 2875 edidit.

675 2897 838 2951 Concinnioc
858 2908 911 2965 est,
931 2899 1012 2952 etiam
1032 2898 1069 2954 de
1089 2901 1183 2973 judicio

673 2979 785 3032 Brouck.
794 2980 937 3032 verborum
945 2977 1088 3034 collocatio
1095 2981 1125 3034 in
1132 2998 1184 3035 uno

674 3059 809 3112 Statiano:
822 3081 834 3103 e·
848 3058 933 3112 Modo
944 3059 994 3112 sim
1005 3069 1117 3127 tecum,
1128 3078 1184 3113 mea

674 3138 784 3191 Delia.»
806 3137 873 3191 cod.
894 3140 975 3192 etiam
994 3140 1083 3208 paris:
1097 3163 1112 3189 c
1130 3141 1185 3209 lptt

673 3218 752 3270 boves
762 3217 844 3270 modo
859 3217 879 3269 si
899 3228 1002 3284 tecum,
1016 3236 1082 3272 mea
1094 3218 1185 3285 Delia,

675 3296 777 3367 possim.
797 3318 809 3342 >a
829 3296 909 3350 Nullo
922 3295 990 3350 libro
1009 3297 1187 3351 confirmator

676 3376 752 3428 lectio
763 3376 919 3428 inconcinna
929 3395 936 3427 :
945 3398 959 3422 «
973 3378 1033 3446 lpse
1047 3376 1133 3432 boves
1144 3388 1185 3431 te·

676 3475 736 3508 cum
748 3453 841 3524 possim
852 3456 971 3524 jungere.
984 3476 998 3501 υ
1013 3455 1055 3509 Η.

711 3539 748 3604 74.
767 3537 797 3588 In
817 3542 872 3589 solo
874 3574 912 3590 .....
935 3546 1026 3590 morte.
1047 3537 1097 3593 Sic
1120 3546 1185 3592 rode

676 3614 833 3682 scripserunt
850 3634 911 3668 cum
926 3614 1063 3684 Scaligrro
1080 3616 1185 3671 Mune·

678 3703 731 3753 tus.
743 3695 919 3761 Passeratius,
933 3693 1107 3749 Gebhardus.
1120 3693 1186 3750 lnli·

678 3772 729 3824 hris
743 3771 838 3842 legitur
846 3779 872 3825 1'u
880 3778 957 3826 soluo
969 3772 1045 3840 quotl
1054 3775 1090 3828 ab
1100 3772 1186 3828 edito-

678 3851 749 3903 ribus
760 3851 882 3905 vitiosum
890 3850 1002 3913 elicitum
1015 3851 1097 3907 aiunt
1103 3853 1187 3918 enirn,

680 3939 783 3981 montem
801 3934 881 3982 solum
897 3948 969 3994 esse,
993 3930 1043 3999 qui
1055 3931 1188 3993 descura.

680 4007 827 4074 solitarius,
845 4019 874 4061 ut
892 4007 961 4077 apud
977 4007 1077 4078 virgil.
1098 4009 1189 4079 Georg.

681 4084 724 4137 lib.
733 4085 782 4149 lV,
795 4104 830 4138 vs.
840 4084 887 4150 tos
899 4104 905 4137 ι
917 4106 931 4130 «ι
941 4084 981 4137 Te
994 4084 1054 4138 solo
1067 4085 1099 4140 in
1109 4086 1189 4141 littore

681 4180 768 4215 secum
780 4184 808 4226 ;»
822 4161 929 4214 AEneid.
942 4162 985 4215 lib.
1002 4163 1066 4231 Vl,
1080 4184 1117 4219 vs.
1136 4162 1191 4217 att:

683 4261 697 4285 a
711 4241 787 4293 Ibant
803 4241 906 4293 obscuri
924 4241 978 4294 sola
993 4240 1044 4295 sub
1058 4254 1139 4298 noete
1151 4257 1192 4311 μ

684 4323 803 4374 umbram
813 4343 821 4385 ;
833 4344 844 4367 u
855 4321 921 4374 lbicl.
930 4320 973 4374 lib.
983 4322 1024 4376 Xl
1034 4362 1045 4389 ,
1055 4343 1126 4378 vers.
1136 4326 1192 4391 ⁵7¹²

683 4401 743 4454 «Et
754 4401 813 4453 solis
820 4401 905 4470 exegit
916 4399 1057 4455 montibus
1070 4420 1191 4463 aevum·

683 4491 710 4536 ct
722 4479 789 4549 apud
804 4479 988 4549 Propertium,
1001 4479 1049 4539 lib.
1071 4482 1115 4554 11,
1126 4480 1193 4549 Elea.
