2550 4972
207 687 475 752 CODIClBUS
506 689 566 751 ET
595 690 928 754 EDlTlONlBUS.'
1066 695 1104 756 lir

67 838 171 880 tuttusu
188 832 299 895 curata,
316 820 468 903 rudemque
489 821 671 906 dignissima,
693 843 757 904 quae
779 845 794 883 a
813 843 858 882 me
875 834 942 905 post
959 825 1104 907 Hcyniunr

66 913 136 978 denuo
144 917 347 978 accuratissime
358 930 553 991 excuteretur,
572 930 705 1002 experto,
722 923 809 1003 majus
819 920 927 1001 aliquid
938 917 1106 983 informasse

65 1012 135 1077 tuitio
150 1014 375 1093 Calplturnium,
395 1037 477 1096 quam
497 1015 678 1099 Cyllcnium,
697 1017 745 1098 qui
766 1039 917 1099 numquam
938 1030 1104 1079 contextum

66 1117 254 1178 emedatiorcm
264 1115 370 1190 edidit,
380 1116 459 1198 quod
470 1116 661 1193 perfecturum
676 1139 704 1177 se
717 1115 802 1178 luisse
814 1119 842 1177 in
851 1119 993 1196 prooemio
1005 1118 1104 1180 scribit

65 1211 112 1287 llb,
125 1216 173 1277 nisi
190 1237 338 1293 operarum
355 1216 526 1298 negligentia
541 1215 707 1277 obstitisset.
725 1218 788 1290 Qui
807 1217 841 1277 de
857 1239 888 1278 re
905 1218 1030 1300 quaedam
1045 1231 1103 1279 tarn

63 1314 190 1387 prudenter
205 1315 313 1378 monite
328 1315 386 1374 illic
402 1316 599 1392 reperiuntur,
613 1329 645 1376 ut
659 1330 770 1398 gratum
786 1339 830 1376 me
847 1317 986 1379 iacturum
1003 1319 1104 1378 harum

63 1427 134 1495 rtrum
148 1411 302 1474 amantibus
322 1411 458 1483 arbitrer,
479 1413 503 1472 si
519 1412 632 1489 potiora
652 1412 682 1473 iu
699 1415 777 1473 huuc
797 1413 893 1474 locum
909 1414 1102 1476 transcribam.

63 1509 144 1572 smtit
155 1524 257 1574 auten.
269 1514 319 1574 Jo.
333 1512 525 1590 Calplrurnius
536 1512 688 1571 Hermolao
697 1512 774 1591 juris
786 1515 927 1593 utn'usque
943 1514 1049 1572 ductori
1055 1535 1104 1594 pr·

62 1607 167 1670 utrum
174 1654 185 1685 ,
202 1608 531 1688 Oratorisucundissimo
540 1620 568 1669 et
576 1611 737 1692 philosopho
749 1611 935 1670 eruditissimo
946 1611 998 1669 ita:

90 1720 214 1782 llomines
228 1720 318 1781 aetatis
336 1732 459 1793 nostrae,
480 1718 632 1780 Hermolao
648 1718 864 1790 facundissime,
881 1720 929 1799 qui
947 1719 1102 1781 litterarum
1144 1796 1146 1801 Α

59 1819 401 1899 septenusdecimus,
416 1818 532 1880 mirifice
543 1818 632 1878 laetari
644 1831 782 1896 possunt,
799 1818 877 1899 quod
894 1821 923 1877 in
939 1819 1104 1881 immensam

60 1911 172 1980 librorum
187 1918 299 1997 copiam
313 1918 482 1991 inciderint,
501 1940 554 1999 qua
569 1931 599 1980 et
609 1919 699 2000 prisca
713 1931 779 1980 aetas
794 1930 822 1978 et
834 1942 884 1992 ea,
898 1941 962 2001 quae
975 1931 1102 1980 nostram

60 2016 195 2088 precessit,
213 2013 352 2086 aruerit,
370 2037 434 2096 quae
451 2015 565 2096 quidem
581 2036 614 2075 ex
629 2015 832 2093 impressorum
848 2037 970 2077 numero
992 2027 1102 2077 tantum

60 2115 139 2189 unit,
151 2129 183 2178 ut
192 2119 248 2200 jam
258 2137 372 2178 necesse
383 2115 420 2176 sit
431 2138 491 2177 non
502 2115 685 2178 bibliothecas
696 2130 785 2192 totas,
797 2118 848 2179 sed
859 2118 961 2179 domos
972 2117 1101 2199 implere.

61 2209 157 2290 Vtrum,
170 2229 203 2277 ut
217 2217 312 2298 inquit
323 2228 406 2293 pocta
416 2215 464 2276 ille
473 2216 640 2277 clarissimus
651 2261 661 2291 ,
671 2218 804 2278 eturtica
810 2219 943 2300 proximu
953 2239 1027 2297 supe
1035 2238 1101 2278 msa

61 2322 101 2385 tul,
116 2339 169 2379 non
181 2317 278 2395 potuit
290 2316 346 2378 boc
361 2316 488 2376 divinum
504 2339 625 2391 munus,
643 2329 676 2377 ut
687 2318 716 2376 in
728 2318 857 2378 humanis
867 2318 993 2379 accidere
1004 2318 1099 2394 solet,

61 2428 86 2470 tx
97 2418 163 2478 omni
174 2429 252 2500 parte
267 2437 328 2478 esse
342 2415 510 2498 perlectum.
525 2416 601 2476 Huic
614 2416 690 2477 euim
702 2439 791 2476 unum
807 2417 902 2476 deesse
912 2416 1014 2488 video,
1030 2416 1100 2477 dili-

60 2527 146 2591 gflttem
159 2531 189 2579 et
199 2528 355 2578 accuratam
365 2515 503 2577 librorum
515 2514 736 2596 custigationem.
749 2513 818 2573 Siue
837 2515 886 2575 lrac
897 2514 1034 2597 quicquid
1048 2516 1098 2590 lit,

58 2607 135 2680 bostra
147 2619 208 2681 deri
225 2639 338 2681 necesse
358 2629 410 2679 est.
434 2620 507 2678 Nam
528 2628 556 2676 et
577 2614 753 2675 discentibus
770 2639 869 2677 sensus
888 2615 1050 2691 obscurus,
1070 2632 1100 2680 et

58 2707 126 2779 luctis
138 2720 254 2782 taedium
264 2719 380 2780 minime
393 2717 573 2779 tolerandum
584 2715 717 2800 insurgit.
732 2714 809 2776 Hinc
822 2729 851 2776 et
862 2739 961 2778 nausea
971 2719 1099 2799 quaedam

57 2811 189 2894 ltponendi
198 2821 335 2884 assiduam
343 2820 496 2881 lectionem
506 2815 650 2894 oboritur,
657 2838 740 2898 quam
747 2839 961 2900 nonnumquam
970 2819 1098 2896 pluribus

55 2910 152 2984 deletis
166 2934 196 2984 et
212 2921 293 3004 copia
312 2920 371 3003 ipsu
392 2919 527 3001 suggerit.
547 2919 624 2978 Huic
644 2917 687 2977 rci
706 2916 894 2999 pulcherrime
912 2933 1095 2994 succurrant,

55 3017 223 3104 tuipossint,
247 3021 354 3105 quique
374 3017 509 3102 singulari
532 3018 657 3079 secundia
675 3039 707 3076 ac
725 3007 886 3109 eruditione
902 3020 1013 3097 praediti
1031 3020 1098 3080 siut.

53 3109 108 3180 Huic
119 3134 148 3182 tu
162 3141 313 3193 succurre,
332 3132 386 3181 etc.
399 3119 460 3179 Cur
471 3129 565 3178 autem
579 3118 640 3176 haec
650 3115 683 3176 ad
696 3128 724 3176 te
734 3115 870 3189 scribam,
886 3117 982 3193 paucis
993 3116 1098 3194 accipe.

53 3207 228 3297 superioribus
245 3218 342 3280 diebus
359 3241 374 3278 a
391 3216 556 3299 quibusdam
570 3214 796 3278 adolescentibus
811 3216 947 3277 studiosis
963 3228 1100 3300 rogatus,

51 3321 75 3370 tl
83 3316 253 3396 Propertium
262 3330 326 3392 aut,
347 3317 371 3378 si
387 3316 493 3377 nollem
508 3316 603 3390 huuc,
621 3315 730 3394 Papinii
748 3317 845 3400 Sylvas
861 3317 984 3377 lectione
997 3315 1099 3398 quoti-

50 3405 109 3477 lltna
123 3418 343 3501 interpretarer,
360 3439 396 3479 ne
415 3415 584 3478 desiderium
604 3437 704 3478 eorum
723 3414 895 3488 frustrarer,
914 3415 1031 3497 promisi
1052 3437 1098 3476 me

47 3503 184 3589 llcturum,
200 3515 280 3600 quod
292 3515 406 3580 vellent.
422 3502 710 3598 Quapropter'quum
720 3537 885 3593 percurrere
902 3516 1050 3597 coepissem
1067 3514 1100 3574 id

46 3626 119 3690 tuat,
138 3614 213 3697 quod
223 3613 351 3674 Veneriis
361 3615 530 3694 impressum
541 3623 584 3674 est
593 3613 730 3696 qnodque
748 3612 801 3674 bos
816 3625 913 3695 poetas
926 3612 1096 3672 clarissimos

45 3710 175 3786 oetion,
196 3710 353 3786 Catullum,
375 3710 532 3783 Tibullum,
551 3710 725 3791 Propertium
742 3724 770 3771 et
786 3712 886 3789 Syleos·
901 3733 910 3768 :
926 3707 1096 3771 totmendis

33 3806 160 3873 ,telettum
176 3832 238 3872 esse
254 3810 408 3893 deprendi,
423 3823 456 3871 ut
467 3810 553 3893 longe
566 3811 648 3888 plura
664 3822 758 3871 essent
772 3810 873 3871 vitiosa
889 3825 919 3872 et
933 3810 1093 3892 depravata,

40 3922 185 3994 quumque
199 3908 352 3971 emendata.
369 3909 473 3970 Nullus
488 3920 563 3970 certe
579 3931 677 3969 sensus
692 3929 729 3969 er
744 3907 786 3968 his
800 3907 864 3968 elici
879 3920 999 3986 poterat.
1013 3908 1096 3970 Con·

37 3998 118 4070 bttim
138 4008 262 4071 conveni
281 4008 439 4068 nonnullos
455 4009 639 4086 impressores
663 4019 691 4068 ct
716 4028 766 4068 eos
782 4008 949 4071 cohortetus
967 3994 1045 4083 sum,
1062 4020 1096 4068 ut

36 4101 126 4174 bum
141 4110 173 4173 id
188 4132 260 4190 opus
275 4109 473 4192 imprimerent
486 4131 518 4171 ca
534 4111 737 4184 correctione,
756 4131 841 4192 quam
861 4111 1005 4194 pollicitus
1023 4132 1096 4172 sum.

35 4205 145 4277 Puteum
158 4211 251 4297 igitur
261 4211 377 4296 gloriari
392 4234 437 4276 rue
449 4234 505 4274 non
515 4214 548 4272 td
555 4213 731 4283 emendasse,
751 4211 866 4290 sedſsrre
875 4225 962 4273 tonum
971 4213 1096 4294 exscrip—

33 4312 113 4390 tirre,
131 4324 167 4374 ut
183 4313 247 4395 quis
263 4311 437 4391 deprendere
457 4313 564 4392 poterit
580 4313 684 4375 collato
706 4325 831 4397 utroque
847 4315 1005 4397 exemplari.
1026 4316 1095 4376 Sta-

32 4419 132 4477 tuerem
143 4425 242 4476 nmen
255 4412 327 4475 nihil
340 4412 452 4496 negotii
466 4435 532 4477 cum
546 4413 764 4496 impressoribus
776 4414 897 4492 habere,
915 4416 994 4498 quod
1003 4427 1033 4478 et
1042 4415 1099 4499 ipsi
