2580 5002
242 693 568 763 ELEGIARUM
594 695 692 763 LIB.
718 697 748 762 1.
777 697 931 764 ELEG.
960 699 1029 765 IV.
1127 701 1168 764 55

103 829 281 907 Blanditiis
299 832 370 907 vult
385 862 456 910 esse
472 833 581 909 locum
600 837 713 912 Venus
731 836 823 937 ipsa:
840 837 981 938 querelis

157 944 386 1047 supplicibus,
405 949 532 1025 miseris
548 951 681 1027 floribus
698 951 754 1029 illa
771 953 865 1027 lavet.

104 1062 185 1134 Hac
205 1061 308 1150 mihi,
328 1093 400 1165 qna
416 1092 564 1141 canerem
579 1066 688 1152 Titio,
705 1069 797 1142 Deus
811 1069 916 1145 edidit
933 1097 1011 1156 ore3

155 1176 220 1251 Sed
239 1179 365 1252 Titium
383 1181 504 1279 conjux
518 1181 588 1257 hac
603 1183 791 1263 meminisse
809 1203 905 1259 vetat.

106 1289 225 1363 Pareat
240 1290 295 1365 ille
314 1321 380 1365 suae
398 1324 406 1365 :
421 1323 481 1367 vos
497 1322 549 1367 me
565 1293 726 1371 celebrate
745 1297 938 1393 magistrum
1140 1319 1172 1389 75

156 1409 255 1505 Quos
269 1409 352 1484 male
369 1410 471 1487 habet
487 1410 591 1489 multa
607 1412 746 1489 callidus
761 1434 829 1490 arte
845 1445 938 1518 puer.

108 1525 225 1601 Gloria
242 1529 362 1630 cuique
380 1549 439 1607 s‘ua
457 1547 507 1605 est
521 1559 528 1601 :
544 1556 597 1605 me
616 1530 673 1631 qui
691 1552 887 1632 spernentur
903 1548 1047 1607 amantes

155 1645 368 1735 Consultent;
385 1646 511 1721 cunctis
525 1646 622 1745 janua
639 1666 751 1723 nostra
768 1666 870 1751 patet.

104 1761 253 1864 Tempus
269 1760 347 1852 erit,
364 1790 468 1861 quum
483 1790 552 1849 me,
573 1764 711 1838 Veneris
728 1784 889 1868 praecepta
906 1765 1061 1839 ferentem

155 1879 304 1952 Deducat
319 1878 475 1977 juvenum
493 1877 605 1955 sedula
623 1880 720 1955 turba
734 1909 853 1956 senem.
1139 1903 1173 1956 eo

129 2040 616 2113 pnBlarrdr'tr‘r’setcsealigerlrunclo·
661 2044 861 2099 'sisettutrsunc
871 2043 997 2113 temporis
1006 2032 1172 2095 Romaimi·

105 2120 212 2173 cumsic
222 2120 491 2173 turbavitzBIandr'tr's
501 2123 618 2172 narrasse
664 2121 721 2190 gnis
740 2133 816 2190 poeta
833 2122 920 2177 Titius
937 2121 994 2185 ille,
1015 2139 1095 2189 quem
1113 2118 1173 2173 ele·
1192 2186 1197 2194 Ι

107 2201 192 2250 Iocurr
209 2200 294 2251 Venas
310 2202 368 2266 ipsa
388 2201 502 2266 qureret.
518 2198 619 2265 Suppli·
666 2198 814 2269 gautisaime
827 2208 970 2262 memorat,
984 2198 1078 2251 Horat.
1090 2197 1133 2251 lib.
1143 2196 1171 2263 1,

106 2281 181 2331 er’las
191 2282 415 2348 nrr'sere'rflertr'bas
425 2277 570 2346 ᾠκίσθη.
581 2276 617 2330 H.
668 2275 718 2346 Ep.
728 2291 779 2341 111,
790 2295 857 2329 vers.
868 2295 893 2348 9.

108 2355 185 2409 Voss.
200 2375 263 2409 euru
277 2375 332 2409 non
343 2356 431 2409 miuus
445 2354 618 2409 deformavit:
702 2357 742 2421 75.
765 2355 861 2407 Parca!
879 2364 928 2410 etc.
946 2354 1034 2408 Nemo
1056 2371 1118 2407 sane
1137 2362 1176 2405 est

106 2435 250 2487 Blanditiis
268 2437 324 2488 salt
341 2437 400 2500 r'psa
417 2436 499 2486 locans
514 2434 618 2492 Versu
666 2432 775 2502 quinon
784 2433 879 2487 sentiat
889 2433 1048 2486 sententiam
1059 2431 1096 2485 sic
1105 2431 1174 2484 bene

106 2514 155 2564 atla
165 2515 270 2578 querelis
278 2511 452 2577 suppleamus,
468 2511 620 2575 maren‘sfle-
666 2509 824 2563 continuari.
837 2512 933 2563 Pareat
950 2512 994 2562 ille
1004 2528 1070 2576 sua,
1081 2506 1176 2577 puella

107 2592 180 2642 ratus
190 2586 321 2653 illusores.
335 2588 397 2640 Nou
408 2604 494 2654 opere
504 2585 619 2654 pretium
666 2587 778 2651 scilicet,
788 2604 846 2655 quae
858 2586 960 2639 Titium
974 2604 1046 2638 nuuc
1058 2604 1072 2638 a
1085 2584 1174 2654 Priapi

106 2679 148 2722 est
164 2684 248 2733 nugas
261 2684 354 2718 omues
367 2664 465 2717 referre
474 2663 569 2732 quibus
579 2662 617 2715 il·
667 2665 801 2735 preceptis
818 2664 920 2718 detinet
942 2674 969 2716 et
983 2661 1175 2731 impedimento

85 2743 196 2803 ‘lustris
208 2742 249 2795 ille
268 2743 308 2795 vir
324 2741 463 2811 deceptus,
485 2741 617 2809 avulgata
667 2755 722 2810 est,
740 2761 793 2812 quo
810 2743 898 2796 minus
918 2760 1061 2813 puerorum
1083 2760 1174 2794 amore

109 2821 222 2877 lectione
233 2820 375 2873 receneris.
387 2819 509 2891 Heynius
519 2818 617 2887 conje-
667 2822 791 2892 rapiatur.
805 2821 921 2891 Scaliger
936 2831 962 2874 et
979 2819 1175 2874 Brouckhusius

108 2906 163 2956 'ctat
175 2921 182 2954 :
195 2923 208 2946 «
225 2898 362 2954 Blanditiis
380 2898 436 2951 vute
455 2916 509 2950 osse
532 2897 619 2951 locum
666 2919 803 2955 sexversns
811 2900 963 2956 intercalare
972 2900 1177 2970 ansisunt,quos

109 2981 223 3033 Venus:
243 2977 284 3030 illa
308 2976 420 3046 querelis
434 2974 617 3045 Supplicium
667 2978 742 3031 initio
754 2978 833 3044 huius
845 2976 942 3046 Elegit
953 2975 1123 3042 ademerant,
1138 2976 1175 3030 ita
1272 3009 1278 3026 .

110 3057 212 3112 miseris
226 3054 331 3109 fletibus
348 3055 390 3107 illa
400 3054 479 3108 iavet.
493 3076 507 3101 ν
524 3053 578 3107 sed
592 3053 617 3107 lri
667 3065 697 3107 nt
708 3055 746 3107 bis
758 3074 863 3108 sensum
877 3055 1023 3107 turbarent.

110 3155 204 3189 omnes
222 3153 277 3187 non
296 3145 436 3188 senserunt
462 3144 559 3202 quanta
582 3134 619 3208 γῆς
698 3133 739 3185 uo.
757 3136 883 3186 Deducat.
904 3132 1026 3202 Heynius
1037 3132 1088 3197 ait,
1106 3130 1174 3184 forte

113 3217 265 3288 pronomini
291 3222 350 3284 ipsa
377 3217 452 3283 insit,
476 3216 618 3287 prasertim
668 3209 1175 3280 refingendumesse,Tempuscrr'tpuars

112 3313 197 3365 quum
210 3312 310 3348 nomen
324 3295 496 3364 conjunctum
509 3292 542 3346 sit
552 3331 560 3356 ,
572 3291 620 3345 ad-
668 3306 707 3339 me
713 3291 835 3342 deducet:
845 3286 916 3357 quod
921 3297 1006 3357 poetre
1015 3297 1112 3339 amant.
1120 3286 1177 3338 Hu-

113 3371 291 3442 scriptumque
305 3382 334 3426 ut
352 3390 430 3440 supra
446 3370 478 3424 ad
494 3388 560 3423 vers.
578 3368 619 3434 23,
667 3366 957 3434 schlriuscoujectnram
969 3366 1077 3434 probat,
1091 3363 1177 3417 histe-

110 3455 254 3518 palerr'pse.
670 3442 1176 3497 reverbiszurlutenimitascribuntLa-

149 3529 187 3596 73.
207 3530 331 3582 Caeretem.
350 3526 433 3580 Libris
451 3526 478 3578 in
498 3524 622 3577 omnibns
670 3522 734 3586 tini,
751 3523 1179 3590 Tempuseritquumdeducet‚·aut

114 3602 212 3674 legitur
225 3623 338 3657 carerem
352 3624 360 3655 ι
372 3622 422 3657 nec
436 3613 476 3658 est
488 3622 548 3670 cur,
560 3620 622 3656 cum
670 3601 714 3653 ita:
729 3602 835 3664 Tempus
847 3604 949 3665 err'tqao
959 3599 1076 3660 deducat,
1087 3613 1178 3663 quam-

115 3680 249 3752 scaligero
259 3701 369 3734 carerem
381 3682 506 3750 legentes,
514 3691 623 3734 senten·
671 3695 750 3747 quarn
763 3677 843 3728 etiam
853 3679 965 3727 deducet.
979 3674 1044 3726 Huc
1061 3690 1179 3740 saepenu·

116 3760 180 3813 tiam
200 3759 231 3813 ad
247 3758 461 3826 jurisconsultum
481 3758 623 3828 quemdam
671 3773 747 3808 mero
761 3774 775 3805 a
791 3753 899 3805 librariis
916 3762 942 3804 et
954 3751 1048 3805 criticis
1060 3751 1179 3819 confusa,

116 3837 225 3893 nomine
245 3838 347 3891 Titium
364 3837 524 3904 reseramus,
542 3847 571 3890 ut
591 3835 624 3889 ad
673 3834 753 3888 stubi
766 3853 812 3902 per
824 3842 940 3885 metrum
952 3831 1008 3885 fieri
1019 3832 1104 3901 potuit
1117 3833 1179 3887 alte·

115 3932 255 3986 personam
264 3913 544 3981 materiamquidenim
554 3913 624 3966 Pria·
673 3933 701 3967 ra
714 3911 798 3964 somno
808 3952 814 3976 ,
825 3911 899 3964 alteri
909 3911 1046 3964 substituta
1059 3921 1121 3964 est...
1133 3913 1180 3966 sed

116 3990 430 4064 pocumjureconsultisi
445 3990 507 4060 quid
518 3991 624 4044 oraculo
675 4010 756 4060 quum
778 3990 831 4042 duo
845 3989 901 4041 libri
918 3989 1004 4058 scripti
1024 3989 1140 4045 Vindob.
1154 4003 1183 4044 et

115 4089 179 4126 cum
197 4070 326 4139 responsis
340 4068 520 4138 prudentum?
534 4071 626 4124 Brou-
677 4071 753 4123 Voss.
774 4068 822 4122 hor
841 4068 898 4120 loco
917 4068 1031 4121 habeant
1049 4089 1114 4137 quo,
1128 4081 1182 4123 tres

115 4149 207 4205 drhus.
217 4149 307 4204 maltis
314 4148 437 4218 exemplis
448 4148 562 4202 ostendit
571 4169 627 4203 reu
675 4150 716 4201 alii
724 4169 813 4217 quom,
828 4161 920 4199 ornnes
932 4150 1049 4213 deducat,
1065 4146 1181 4216 suspicor

114 4230 182 4284 bum
201 4232 273 4281 edere
293 4227 412 4281 Deorum
429 4246 483 4281 esse
507 4226 628 4282 fatidico-
676 4229 812 4284 Tibullum
822 4227 970 4298 scripsisse:
991 4230 1099 4295 Tempus
1116 4232 1182 4287 erit,

116 4327 178 4362 rum
187 4328 194 4371 ;
204 4308 314 4360 verbnm
322 4326 480 4360 verocatrere
489 4305 628 4362 sacerdotis
675 4330 725 4378 qao
734 4326 814 4360 mem
826 4309 940 4360 deducat.
952 4308 1037 4360 Porro
1044 4325 1093 4376 pro
1094 4305 1184 4372 serer-

112 4387 255 4445 oraculum
267 4385 479 4455 pronuntiantis,
492 4385 532 4438 vel
545 4387 629 4455 cujus·
675 4401 737 4451 tem,
755 4388 781 4440 iu
796 4406 850 4440 uno
864 4387 941 4441 Statii
953 4386 1086 4455 alteroque
1098 4386 1185 4441 Hein-

116 4484 228 4535 cunque
246 4464 343 4534 aliquid
358 4464 497 4521 salubriter
510 4483 630 4520 mnneu-
677 4466 708 4520 sii
720 4475 760 4520 est
777 4464 1049 4536 carenumtteyuius
1057 4463 1133 4519 malit
1144 4480 1186 4516 se-
