2580 5002
247 668 508 733 courcrcus
537 649 951 735 uruo1r10rious.
1068 678 1132 757 ,ιιι

67 798 208 858 Notatum
223 799 259 862 ad
275 802 359 886 bujus
377 826 475 865 oram:
491 806 618 878 Seneca,
635 818 665 866 et
681 805 777 867 eadem
790 806 879 891 elegia
891 818 958 885 post
974 807 1030 889 74,

231 951 272 1003 Ab
286 965 388 1026 pereant
399 967 463 1006 artes
475 966 498 1005 et
509 955 597 1007 mollia
609 953 663 1026 jura
674 955 788 1022 colendi,

231 1035 255 1087 0
268 1036 364 1090 utinam
378 1038 455 1091 veteri
468 1051 626 1113 peragrantes
637 1059 707 1092 more
718 1039 814 1112 puelle.

69 1165 157 1241 priori
171 1172 265 1233 versui
280 1174 421 1252 appictum
436 1198 442 1234 :
463 1176 569 1235 Seneca
585 1175 721 1258 supplevit
736 1179 778 1237 sie
786 1204 798 1251 ,·
815 1176 850 1237 ad
864 1177 1003 1238 alterum:
1022 1177 1134 1238 Pbilel-

58 1260 113 1337 sur
129 1288 193 1329 vero
209 1273 260 1332 sic.
277 1275 341 1334 Jam
355 1273 391 1334 de
406 1272 557 1353 Philelpbo
573 1287 602 1336 et
616 1273 736 1352 Aurispa
749 1274 843 1336 omnia
859 1287 927 1335 sunt
942 1275 1028 1337 satis¹
1045 1287 1133 1337 nota:

69 1365 118 1425 sed
133 1371 197 1451 quis
213 1372 259 1434 ille
276 1376 405 1439 Senew
422 1372 523 1447 buerit,
541 1374 670 1436 nondum
686 1374 757 1435 mibi
775 1374 884 1457 liquido
900 1387 1021 1449 constat.
1033 1376 1134 1438 Fuisse

68 1473 161 1530 tamen
175 1471 296 1557 aliquem
306 1487 432 1537 veterum
442 1487 590 1537 auctorum
605 1475 838 1552 interpolatorem
848 1496 883 1535 ex
894 1473 944 1536 illo
958 1473 1064 1536 saeculo
1076 1475 1135 1537 boc

67 1566 198 1647 nomine,
212 1594 245 1634 ex
258 1573 365 1635 Vossio
380 1574 415 1633 ad
431 1571 536 1634 Catull.
549 1596 578 1651 p.
596 1568 656 1645 284
670 1571 778 1634 discere
788 1572 870 1649 licet,
887 1571 936 1654 qui
948 1571 1051 1632 librum
1063 1593 1134 1632 msc.

65 1664 172 1733 viderat
188 1673 338 1751 AEneidis‚
359 1674 390 1735 in
414 1697 472 1756 quo
493 1676 599 1737 Seneca
620 1674 749 1756 priorum
769 1685 890 1755 quatuor
910 1693 1060 1745 versuum,
1084 1669 1136 1753 qui

63 1763 182 1832 AEneidi
196 1772 332 1853 praemitti
349 1773 460 1850 solent,
477 1785 578 1835 auctor
594 1770 743 1843 edebatur3
767 1783 798 1832 et
819 1770 929 1832 Lucani
951 1770 1081 1843 codices,
1102 1769 1135 1829 in

63 1871 164 1949 quibus
180 1888 289 1955 septem
311 1877 420 1959 primos
436 1897 534 1939 versus
549 1873 688 1935 addidisse
704 1871 849 1935 dicebatur
868 1873 977 1933 Seneca
996 1870 1047 1931 sed
1068 1892 1133 1930 cum

61 1966 104 2030 bis
126 1973 220 2036 verbis
243 1998 250 2033 ε
276 1976 436 2057 etquidem
457 1975 557 2036 volum
576 1973 733 2033 avunculus
753 1970 866 2031 lucani
881 1967 902 2027 ³.
925 1970 960 2027 ln
976 1967 1133 2030 Dresdensi

60 2091 148 2144 porro
167 2072 240 2134 libro
255 2075 346 2153 prima
362 2074 490 2136 omnium
506 2073 596 2156 elegia
615 2070 733 2152 reliquis
749 2069 827 2152 quasi
844 2067 955 2152 praefixa
967 2065 1133 2143 videbatur,

59 2190 123 2230 cum
140 2172 197 2233 boc
214 2174 362 2234 lemmate:
382 2173 464 2236 Allii
478 2172 584 2233 Tibulli
596 2172 625 2232 in
643 2172 728 2231 libros
742 2170 893 2248 elegiarum
905 2167 1070 2244 prooemium
1085 2168 1134 2225 io-

60 2267 152 2346 cipit:
168 2271 198 2327 in
214 2293 267 2351 quo
282 2272 420 2352 despectis
441 2272 547 2331 divitiis
570 2280 598 2330 et
617 2270 720 2330 militia
739 2267 859 2328 Deliam
876 2287 974 2326 amore
992 2275 1020 2323 et
1040 2265 1136 2324 amari

59 2363 266 2424 inserviendum
284 2368 370 2436 dictu
385 2367 415 2424 id
428 2368 507 2445 quod
524 2367 613 2425 etalii
633 2365 685 2425 sibi
704 2374 921 2442 persuaserunt,
935 2372 969 2420 ut
984 2360 1132 2423 Tibullum

60 2470 137 2534 tum,
150 2484 238 2542 quum
249 2462 415 2522 [asciculum
422 2462 573 2544 elegiarum
581 2460 721 2541 superiori
729 2470 858 2539 tempore
871 2457 1038 2533 scriptarum
1046 2457 1132 2517 emit-

59 2567 121 2613 tere
135 2556 237 2628 vellet,
254 2557 329 2616 hanc
343 2556 463 2636 elegiam
475 2554 628 2633 preefixisse
645 2564 793 2631 putarent,
811 2574 866 2634 qua
883 2552 1029 2626 blessalae,
1047 2575 1132 2635 quem

60 2655 91 2713 in
102 2674 134 2714 ea
143 2654 281 2733 appellat,
293 2675 359 2714 eum
369 2652 474 2713 librum
485 2651 661 2714 inscriberet.
671 2655 793 2737 Fugerat
804 2673 850 2713 me
861 2666 940 2725 tum,
952 2675 1039 2734 quum
1051 2652 1134 2734 prio·

59 2774 120 2814 rem
137 2752 335 2811 recensionem
356 2750 541 2821 adornarent,
562 2749 694 2811 Tibullus
717 2771 733 2809 e
756 2751 866 2813 Codice
889 2754 978 2814 MSto
1001 2752 1132 2813 Mattbiae

61 2847 185 2911 Corvini
199 2846 289 2930 Regis
305 2846 463 2930 Huogariae
477 2869 493 2908 a
509 2848 585 2907 Sam·
602 2848 762 2910 Koelescrio
776 2870 792 2909 a
806 2850 977 2911 Keres-Eer
992 2849 1132 2911 Claudio·

59 2951 121 3031 poli
140 2970 216 3033 ¹7²7
233 2948 264 3008 in
281 2947 396 3010 octonis
413 2946 515 3009 editus.
531 2948 639 3010 Nactus
655 2972 720 3010 sum
735 2940 801 3010 eum
821 2951 906 3030 paulo
922 2963 1008 3030 post,
1027 2949 1130 3012 lectio-

96 3212 105 3241 ¹
123 3207 165 3259 De
179 3204 286 3278 Aurirpe
299 3204 350 3276 egit
363 3203 498 3277 diligenter
509 3205 651 3260 Broukbus.
663 3208 696 3261 ad
705 3207 750 3263 lib.
759 3210 784 3276 l,
798 3224 832 3276 ιι,
847 3211 891 3275 24,
906 3223 930 3262 et
940 3209 1134 3264 Mannuclrellint

68 3292 195 3360 (Serittori
206 3291 333 3350 d'Itatoz,
348 3301 366 3340 t.
378 3290 399 3341 l.
411 3288 436 3342 b.
447 3293 494 3355 v.);
511 3291 606 3345 Confer
617 3312 717 3364 qnoque
728 3293 834 3366 Kyriaei
847 3295 1001 3348 Anconitani
1013 3295 1132 3360 ltinerar,

67 3400 91 3453 p.
105 3398 117 3446 7
131 3389 155 3428 et
168 3375 212 3443 43,
230 3374 276 3428 ubi
288 3375 314 3427 in
327 3376 396 3449 prael.
410 3397 434 3450 p.
447 3376 495 3442 40,
519 3376 643 3430 distichon
656 3398 757 3450 qnoque
768 3378 799 3430 ab
813 3398 844 3430 eo
856 3379 1011 3452 suppositum
1030 3379 1135 3432 Tibullo

68 3462 192 3518 recitatur.
218 3461 309 3515 Verrio
328 3461 453 3515 llieroelis
467 3461 498 3514 ab
514 3462 623 3537 Aurispa
639 3464 701 3516 laeta
720 3477 861 3516 recensetur
877 3463 953 3517 simul
967 3484 1024 3517 enm
1040 3464 1096 3517 aliis
1119 3485 1135 3516 a

71 3551 111 3602 Io.
126 3545 220 3600 Bened.
234 3546 378 3600 Mitterello
389 3547 416 3600 iu
429 3545 550 3600 Biblioth.
563 3547 644 3601 Codd.
658 3549 686 3601 S.
698 3545 829 3601 Michaelis
841 3548 873 3600 ad
884 3548 1044 3615 Mucianum,
1058 3569 1081 3621 p.
1094 3548 1134 3600 82.

72 3636 116 3689 Est
129 3633 156 3686 in
170 3652 226 3685 eum
238 3633 389 3706 epigramma
400 3632 460 3685 lani
472 3632 615 3700 Pannonii,
629 3633 681 3695 tl,
695 3651 751 3706 pag.
767 3632 823 3685 508.
933 3658 936 3663 ·

288 3732 778 3803 rmroeumrumnsrrn‘sep,„quw

313 3820 555 3860 Gredetnrmrltodoetnt
562 3818 708 3869 rememsis.

106 3942 117 3971 ²
134 3935 203 3988 Vide
215 3952 301 4007 supra,
316 3951 339 4004 p.
353 3948 398 3999 xx,
411 3946 496 3986 notam
509 3943 627 3984 nostram.

106 4041 117 4075 ³
133 4041 194 4094 Fuit
207 4058 266 4091 saue>
277 4054 370 4089 nornen
384 4036 486 4090 Seuere
497 4034 562 4110 apud
577 4035 700 4087 seriorum
710 4045 812 4090 etatum
825 4033 940 4089 homines
954 4036 1138 4106 frequentatum

76 4127 246 4183 indoctissime
259 4124 292 4177 ad
305 4122 376 4197 plura
386 4121 540 4196 supposititia
551 4121 574 4173 ei
585 4120 747 4194 assignanda3
762 4132 791 4173 nt
801 4120 922 4195 suspicari
933 4120 1006 4175 liceat
1019 4121 1081 4194 ipsas
1094 4141 1140 4173 no·

75 4229 112 4268 tas
127 4212 229 4264 Tironis
245 4223 269 4263 et
281 4208 383 4263 Seneca
395 4204 439 4257 tali
452 4218 594 4258 commento
613 4224 706 4257 nomen
717 4224 791 4259 aum
802 4205 892 4261 debere
905 4223 911 4257 :
931 4204 1045 4280 inprimis
1060 4224 1138 4275 quum

77 4301 146 4352 idem
163 4299 257 4351 Seneca
270 4295 391 4367 Magister
403 4291 538 4365 appelletur
551 4292 578 4344 in
593 4289 671 4344 MSS.
688 4288 720 4342 de
733 4308 785 4361 quo
797 4310 823 4347 v.
834 4291 919 4345 locum
930 4292 970 4344 lo.
983 4290 1085 4343 Pistorii
1099 4311 1140 4362 ap.

77 4383 243 4438 uremur.
255 4383 285 4435 r.
298 4383 325 4433 ι.
337 4380 374 4434 ιι.
386 4378 433 4431 ιο.
445 4378 482 4442 v,
497 4375 526 4427 r.
542 4377 595 4442 ιιι,
608 4397 635 4449 p.
648 4372 717 4439 rto.
