2580 5002
467 710 584 772 viru
615 709 824 774 risuum.
1129 719 1173 801 aq·

105 858 187 932 dem
212 850 385 930 Tibullum
410 854 595 978 Messalla}
615 847 841 980 Eundemqsss
869 874 901 931 et
921 859 1012 931 domi
1036 878 1067 932 et
1092 860 1175 935 soris

105 991 220 1066 multis
247 978 377 1111 donisss
404 1006 434 1061 et
456 988 624 1062 favoribus
646 990 859 1089 sublevavit†
888 995 1005 1092 Neque
1022 1020 1099 1065 vero
1116 993 1176 1065 Ti-

106 1115 221 1190 bullus
243 1115 307 1187 srde
330 1112 439 1185 miuus
462 1111 589 1207 integra
613 1142 809 1215 quacunque
832 1114 867 1187 in
884 1144 920 1187 re
944 1115 1096 1189 obeunda
1116 1146 1171 1191 so-

107 1238 252 1336 licitusas
289 1236 354 1311 Sed
383 1234 583 1336 percupidus
609 1236 748 1311 honoris
780 1236 849 1310 eius
875 1254 906 1310 et
935 1235 1043 1311 cultor
1071 1258 1176 1363 eratq,

107 1365 276 1457 Aegaeum
290 1388 367 1433 veru
385 1387 458 1431 eum
474 1387 513 1431 eo
528 1358 685 1454 navigans
699 1388 786 1433 mare
802 1359 886 1433 mala
899 1358 1079 1435 valitudine
1100 1392 1178 1462 eap-

107 1504 163 1560 tus
182 1503 260 1583 estss
283 1485 379 1557 Tunc
399 1480 515 1555 salutis
538 1507 637 1556 rausa
656 1484 838 1583 proximam
862 1483 896 1555 iu
920 1501 1039 1557 terram
1056 1487 1178 1587 phaea-

108 1611 189 1684 tiam
206 1611 295 1684 bona
312 1637 385 1696 cum
401 1605 568 1681 Messallae
584 1605 716 1681 lieentia
736 1607 894 1681 conscilio
912 1608 1083 1683 voluntate
1101 1639 1180 1684 con·

108 1735 209 1808 cessit
229 1759 384 1832 armaque
402 1732 517 1831 posuit
534 1730 606 1826 ibi†
636 1730 686 1802 Ac
710 1732 850 1829 spraetis
870 1733 928 1832 qui
946 1733 1077 1807 divitias
1096 1763 1178 1809 auru

105 1856 201 1931 fulvo
215 1871 426 1952 cugererenus
456 1854 508 1926 Ad
527 1852 710 1926 litterarum
729 1855 800 1927 ocia
818 1883 901 1955 quae
921 1856 986 1929 iam
1001 1855 1178 1959 reliquerat

107 1980 231 2078 reditus
252 1975 419 2078 Epistulas
437 1975 615 2050 familiares
639 1979 681 2050 ad
700 1978 835 2051 Amicus
859 1976 1044 2077 complures
1066 2000 1097 2054 et
1122 1984 1180 2056 de-

109 2103 309 2235 tecubilesss
326 2132 431 2187 metro
451 2131 483 2185 et
500 2140 600 2213 prosa
618 2113 733 2212 deditas
745 2114 865 2187 Libros
883 2133 992 2190 autem
1008 2135 1075 2192 tres
1092 2148 1179 2192 ama-

111 2239 197 2312 toria
220 2239 261 2311 de
277 2265 313 2309 re
330 2266 423 2310 suam
444 2239 486 2311 ad
504 2234 621 2311 delium
639 2237 796 2337 eligiato†
820 2257 925 2313 metro
943 2241 1098 2340 scripsit:s
1124 2243 1179 2315 Sic

112 2363 199 2437 euim
224 2390 306 2463 quae
326 2362 460 2435 nomine
484 2390 561 2433 vero
580 2359 707 2434 Plautia
726 2381 899 2436 vocaretur
924 2363 989 2436 hoe
1012 2365 1077 2438 isto
1101 2366 1179 2440 ficto

110 2487 246 2561 nomine
260 2514 298 2558 ac
312 2513 382 2559 non
396 2513 457 2558 suo
469 2482 671 2583 appellavit-g-
684 2483 779 2584 plura
792 2514 863 2557 non
877 2486 1049 2586 scripsisse
1064 2489 1180 2562 Tibul-

111 2611 165 2686 lus
186 2629 409 2708 memoratur†
434 2607 532 2682 Obiit
552 2626 691 2680 mortem
713 2609 748 2680 iu
770 2608 852 2682 llore
875 2610 1053 2684 iuventutis
1072 2615 1178 2687 Natus

111 2764 191 2809 vero
208 2752 257 2809 est
269 2734 399 2836 byrtioqt
413 2752 444 2806 et
461 2761 563 2833 pausa
579 2731 771 2806 consulibus
790 2733 924 2807 biennio
938 2753 1114 2836 postquam
1129 2766 1179 2810 ce-

110 2888 169 2934 sus
179 2879 229 2933 est
238 2857 341 2933 lulius
351 2861 500 2958 Caesam
520 2855 647 2930 Natalis
657 2886 790 2958 quoque
801 2860 911 2932 ovidio
922 2861 1047 2934 Nasoni
1061 2879 1179 2961 poetae

110 3012 219 3059 annus
236 2985 321 3058 idem
335 2984 398 3057 fuit
414 2984 458 3057 Se
475 2984 607 3084 quidem
622 3001 782 3056 memorat
797 3002 912 3056 natum
926 3000 1065 3085 uterque
1081 3014 1179 3059 versu

110 3110 178 3183 isto
197 3111 283 3183 Cum
302 3109 418 3182 cecidit
434 3108 503 3181 sato
522 3104 639 3181 consul
656 3123 796 3207 uterque
814 3108 909 3207 parias
931 3112 1015 3182 Nam
1032 3111 1074 3182 ad
1099 3108 1180 3182 libe-

110 3234 252 3309 randum
273 3234 411 3307 brutum
434 3230 585 3308 consules
609 3229 765 3329 byrtiusss
793 3250 825 3305 et
846 3260 949 3333 pansa
972 3232 1063 3305 missi
1090 3234 1178 3331 apud

111 3359 279 3433 Mutinam
291 3357 473 3458 fugatoque
484 3354 633 3429 Antonio
643 3355 775 3510 pempti
787 3355 878 3453 sinus
899 3359 988 3429 Haec
1003 3374 1081 3429 sunt
1097 3384 1180 3453 quae

110 3494 155 3568 de
171 3492 299 3566 Tibulli
316 3493 383 3565 vita
398 3491 544 3566 invenire
559 3508 679 3591 putums
