2550 4972
852 322 1195 360 mmm

191 539 603 648 ELEGIARUM
645 527 1086 644 ARGUMENTA.

502 776 790 807 -Φ-

108 1028 395 1139 ARGUMENTA
415 1093 474 1139 cur
495 1095 565 1140 non
583 1064 723 1163 singulis
743 1063 853 1161 elegiis
871 1055 1080 1162 praebuerim,
1093 1041 1150 1122 audi

106 1208 209 1269 nunc,
227 1180 330 1255 amice
347 1179 471 1269 lector;
497 1182 630 1257 duobus
646 1182 752 1255 causis
770 1178 908 1254 maxime
923 1174 1083 1248 adductus
1098 1186 1150 1237 sum

104 1310 143 1364 ut
161 1320 198 1366 ea
216 1294 325 1366 omnia
340 1293 406 1367 hoc
424 1294 499 1370 loco
518 1296 724 1384 exhiberem,
743 1319 883 1396 quarum
904 1288 1000 1390 prior
1016 1285 1083 1357 bac
1099 1292 1151 1352 cst:
1202 1370 1204 1381 Ι

103 1426 222 1509 poetas
234 1412 435 1485 recentiores
449 1413 517 1486 sive
530 1411 661 1503 Gallos,
679 1413 747 1486 sive
764 1412 950 1485 Germanos
965 1404 1090 1503 absque
1105 1390 1154 1468 ult

104 1528 270 1602 editorum
286 1529 572 1631 interpretumque
590 1529 821 1603 lucubratione
836 1527 989 1625 legimus.
1011 1518 1094 1620 Quis
1105 1539 1156 1586 uu·

104 1654 205 1744 q'uam
222 1643 342 1740 elegias
361 1646 507 1742 egregias
528 1673 610 1747 quas
627 1646 744 1720 cecinit
760 1645 872 1751 Pomy
884 1655 1081 1739 argumento
1097 1653 1158 1704 out·

102 1789 178 1835 rare
192 1789 291 1835 ausus
309 1762 384 1875 est?
402 1762 476 1863 quis
495 1780 616 1837 tersam
631 1761 739 1834 eximii
749 1761 862 1834 Bertrb
876 1753 1075 1852 elegantiam
1087 1741 1159 1821 sodo

103 1874 634 1951 elenchodehonestarithonnc
645 1876 723 1949 satis
732 1875 793 1949 erit
802 1859 1160 1959 notis,commentarilt·

101 1989 395 2092 disquisitionibus
408 2009 556 2065 veterum
568 2011 720 2093 poemata
733 1990 939 2092 impediisse;
958 2007 1115 2060 excursus
1126 1977 1162 2049 iu

100 2135 204 2208 super
221 2124 254 2180 et
271 2107 408 2180 notitias
427 2106 603 2183 litterarias
619 2106 811 2180 addidisse?
827 2106 882 2176 An
901 2101 1001 2176 ctiam
1016 2099 1054 2171 in
1069 2095 1164 2170 fronte

102 2222 440 2311 carminis,lectorcm
449 2225 493 2298 ab
502 2224 595 2297 aditu
604 2223 797 2322 prohibebit
805 2212 1166 2317 argumentumtnttea

103 2365 202 2410 causa
218 2366 277 2411 cnr
293 2367 443 2411 seorsum
461 2338 517 2411 hic
534 2356 748 2437 compareant
763 2337 957 2426 summaria,
976 2329 1114 2429 majoris
1123 2322 1168 2400 ad

101 2448 170 2521 hnc
192 2451 351 2523 momenti
377 2450 459 2521 mibi
486 2451 555 2522 visa
583 2468 633 2522 est
654 2481 661 2522 :
682 2452 831 2524 ordinem
860 2467 993 2550 spectat
1011 2474 1082 2549 quo
1104 2465 1170 2516 cou-

102 2563 236 2661 scripta
244 2562 368 2636 firerint
379 2562 506 2659 elegiae,
526 2566 706 2637 secundum
717 2585 904 2666 temporum
916 2564 1059 2648 seriem;
1075 2553 1172 2662 quain

101 2706 140 2752 rc
155 2678 199 2749 ab
217 2679 372 2751 omnibus
391 2678 575 2752 editoribus
592 2680 769 2768 dissentio,
788 2682 823 2754 in
840 2681 904 2754 alia
918 2707 1067 2782 prorsus
1082 2675 1173 2750 disce·

102 2792 197 2865 dens.
223 2792 326 2865 Certo
348 2790 485 2863 nimiam
501 2792 668 2864 audaciam
685 2796 857 2893 professus
879 2823 1014 2882 essem,
1041 2792 1072 2866 si
1093 2781 1175 2862 null²

28 2916 36 2931 ⁶
102 2905 313 2980 dubitatione
338 2905 490 2978 adhibita
514 2905 706 3004 opinionem
720 2938 826 2982 meam
847 2910 953 2983 textui
975 2909 1045 3010 ipsi
1070 2905 1177 2980 obtru·

102 3022 245 3109 sissem,
268 3019 506 3121 superscriptis
529 3020 593 3105 iis,
629 3023 865 3121 quaqfortasse
886 3024 976 3098 nihil
1006 3023 1077 3096 nisi
1104 3038 1178 3092 rant

101 3137 231 3215 somnia
247 3155 336 3211 sunt.
352 3139 534 3221 Caeterum,
554 3162 596 3207 ne
613 3134 766 3210 facultate
783 3166 911 3211 careres
927 3140 1046 3241 primo
1064 3132 1180 3210 intuitu

100 3280 369 3354 unamquamque
396 3250 534 3346 elegiam
554 3252 794 3344 cognoscendi,
821 3253 972 3327 tabulam
995 3255 1043 3328 ad
1068 3250 1182 3328 calcem

100 3368 281 3443 voluminis
306 3384 469 3442 consueto
494 3391 586 3437 more
607 3363 803 3453 locavimus3
826 3367 943 3468 ibique
963 3370 1073 3444 simul
1091 3370 1184 3443 breve

99 3503 335 3578 argumentum
359 3510 427 3556 una
452 3497 582 3553 tantum
604 3476 724 3551 lineola
743 3510 807 3579 pro
832 3483 969 3580 singula
998 3485 1111 3583 elegia
1138 3506 1187 3555 ex·

99 3625 265 3701 pressum.
282 3598 487 3672 Jamdndum
501 3594 590 3694 apud
605 3621 719 3667 omnes
737 3616 868 3671 constat
878 3603 1040 3692 Horatii,
1060 3594 1190 3699 Virgilii

100 3711 311 3812 aliorumque
321 3713 466 3784 carmina
477 3708 573 3782 nullo
582 3710 742 3807 temporis
754 3713 870 3786 ordine
879 3736 1022 3792 servato
1033 3721 1074 3792 in
1087 3718 1193 3791 libros

67 3876 70 3882 ·
103 3830 233 3925 digesta
251 3857 332 3901 esse.
356 3830 409 3899 De
422 3824 559 3899 Tibullo
574 3825 660 3896 idem
676 3825 818 3918 obtinet,
837 3850 877 3905 ut
893 3833 931 3905 in
945 3836 1019 3909 vita
1035 3835 1196 3910 ostende·

101 3972 189 4016 mus.
211 3944 275 4015 Hic
292 3971 370 4014 vero
391 3938 555 4013 librorum
573 3941 710 4035 vestigia
726 3965 938 4041 prementes,
957 3974 1201 4053 numerosque

102 4055 350 4153 superscriptos
377 4070 567 4141 servantes,
595 4074 788 4147 argumenta
813 4062 932 4137 eodem
950 4067 1105 4157 ordine,
1131 4092 1204 4169 quo
