2550 4972
102 309 206 391 mviii
496 308 555 368 on
586 307 783 369 uununut

102 442 178 526 logia
188 424 420 502 caenomanni
434 451 524 502 exstat
537 483 546 514 ‚
559 452 630 501 tom.
648 441 688 514 1,
703 464 732 518 p·
745 443 826 513 διο,
845 438 893 499 lib.
911 441 976 513 ΙΙΙ,
995 440 1147 516 cmm),

101 554 181 615 tum,
196 540 326 600 «Versus
336 539 478 622 Augusti,
489 552 523 600 ut
533 542 633 600 aiunt:
649 539 749 600 Thrax
758 562 860 621 puer..
875 585 881 596 .
900 542 976 619 (Est
985 540 1149 625 epigrama,

102 641 181 723 quod
192 639 239 700 alii
250 640 331 702 Julio
340 639 466 715 Caesrri,
480 640 528 702 aiii
539 640 577 702 C.
589 639 696 702 Caesari
708 639 882 701 Germanico
892 639 1069 710 adscribunt3
1084 647 1151 700 exsut

101 765 190 824 quum
197 742 228 802 in
239 741 389 803 Catulectis
401 754 464 802 tum
475 742 506 802 in
516 740 640 804 Anthot.
652 741 766 803 Lutto.
777 742 824 816 11,
837 764 865 819 p.
878 738 917 800 62
927 784 937 815 ,
948 738 1152 822 Epignxcu.)

143 842 195 904 lv,
212 840 269 917 65,
288 866 323 917 2,
340 843 456 904 octonis
470 841 622 926 oblongis;
637 863 825 928 pergamenus
842 840 1022 904 tenuioribus
1042 839 1152 925 pagini}

100 942 183 1021 pictis
198 942 299 1003 litteris
316 942 481 1004 initialibus.
499 942 694 1004 Continentur
706 943 836 1004 Catullus
849 942 969 1023 (primo
979 941 1051 1003 folio
1061 959 1153 1001 munus

100 1055 225 1106 veterem
241 1044 392 1105 temulente
406 1044 573 1126 suppletus)
594 1041 726 1104 Tibullus
740 1066 748 1116 3
771 1042 896 1126 subjecta
917 1044 1006 1127 elegio
1025 1040 1154 1106 Ovidiin

102 1144 211 1205 Tibulli
231 1157 373 1220 mortem,
393 1145 551 1204 Memnona
568 1147 596 1204 si
610 1155 719 1216 mnter;
737 1157 766 1204 et
785 1146 875 1206 altero
892 1146 1016 1207 armine
1034 1166 1041 1203 :
1058 1140 1155 1203 Juoem‘s

100 1246 151 1326 qui
156 1266 267 1327 pauper
277 1256 339 1305 erut
355 1267 364 1302 .·
385 1243 493 1305 omisso
508 1245 575 1305 Hic.
594 1245 630 1304 ln
645 1244 702 1304 fine
717 1244 841 1327 subjecta
857 1257 901 1306 est
916 1245 1006 1327 elegia
1021 1241 1073 1305 viri
1095 1237 1155 1302 docti

102 1344 138 1404 ad
154 1345 275 1407 Delium.

144 1446 189 1504 Ex
205 1445 251 1505 bis
267 1443 416 1505 codicibus
430 1445 539 1523 primus
557 1457 586 1505 et
604 1456 721 1527 quartus
738 1445 769 1504 in
791 1445 888 1505 multis
906 1445 1105 1515 conveniunt,
1120 1439 1156 1500 in-

102 1543 202 1623 primis
213 1545 245 1604 in
260 1545 357 1622 priore
368 1545 443 1607 tibro
454 1556 484 1606 et
492 1545 523 1605 iu
534 1545 595 1607 eliis
607 1546 761 1606 carminum
771 1543 914 1626 partibus3
927 1555 1050 1625 possunt
1061 1559 1156 1624 quoque

102 1645 135 1705 in
146 1647 232 1707 certis
248 1645 374 1724 partibus
384 1647 420 1707 ad
429 1646 539 1709 iontem
555 1666 737 1707 communem
752 1642 853 1707 rofeni
867 1642 1006 1705 secundus
1018 1655 1048 1702 et
1056 1639 1155 1702 turdus

103 1767 156 1808 nec
173 1759 267 1808 tamen
284 1747 343 1821 sic,
357 1759 391 1807 ut
405 1769 438 1809 er
453 1747 554 1808 eodem
571 1759 693 1830 uterque
704 1745 854 1823 exemptari
866 1743 1000 1821 descripti
1013 1762 1074 1803 esse
1086 1734 1156 1802 videi

102 1847 225 1926 possint.
233 1847 351 1909 Scilicet
361 1890 371 1922 ‚
381 1848 461 1930 quod
471 1847 501 1908 in
508 1847 657 1909 codicibus
669 1845 866 1930 componendis
878 1865 953 1922 saepe
962 1843 1079 1905 miratus
1090 1861 1157 1907 snus

103 1971 192 2030 quum
204 1949 376 2010 conveniant
388 1947 532 2010 interdum
544 1950 576 2009 in
592 1970 652 2009 uno
668 1949 713 2013 vel
729 1946 916 2019 inuoluto,
931 1944 977 2003 vel
994 1942 1059 2003 libri
1075 1951 1156 2025 perite

103 2050 232 2111 utunius
243 2050 428 2133 ejusdemque
444 2049 552 2112 codicis
562 2051 722 2132 apographa
736 2069 798 2108 esse
814 2044 980 2119 videantur,
996 2045 1028 2104 in
1042 2043 1102 2104 aliis
1113 2058 1158 2124 ptr

103 2150 181 2213 tibus
197 2153 270 2214 adeo
288 2152 364 2214 inter
377 2174 409 2214 se
423 2150 601 2230 discrepant,
619 2162 653 2210 ut
668 2149 703 2209 ad
716 2148 838 2208 diversas
858 2145 961 2222 stirpes
977 2165 1028 2206 eos
1042 2156 1159 2209 suescite

106 2273 223 2312 neccsse
239 2252 286 2311 sit.

146 2351 290 2412 Codicum
305 2351 336 2411 in
345 2350 498 2413 Germanis
512 2350 637 2424 plurium
651 2346 820 2409 cottniones
832 2345 961 2408 adhibuit
976 2347 1029 2407 Jo.
1040 2346 1082 2406 Η.
1092 2344 1159 2404 Voss·

105 2470 179 2530 qnos
206 2460 337 2509 recenset
357 2448 388 2508 in
404 2446 512 2524 prosint
529 2466 594 2528 pag.
614 2447 758 2510 xxvttl.
782 2448 858 2508 Sunt
882 2446 903 2505 ii
923 2446 1104 2507 Monacensis
1123 2441 1159 2502 in-

104 2548 269 2630 telligenter
282 2545 425 2624 scriptus;
447 2545 676 2630 Bongmianus3
696 2547 931 2611 vindobonensis
947 2547 996 2608 tib.
1021 2547 1159 2610 emtus

105 2648 267 2709 chnucens
282 2646 374 2709 [ormo
389 2647 423 2722 4⁰
441 2646 531 2707 nitide
546 2647 724 2730 descriptns3
746 2648 939 2722 Ankesmos,
961 2669 1047 2729 quem
1068 2671 1102 2710 ex
1117 2645 1159 2706 de

104 2747 185 2809 kenii
202 2745 374 2808 bibliotheca
393 2747 469 2809 eruit
486 2761 571 2830 poeta
587 2748 758 2810 laurentius
772 2748 808 2809 de
819 2750 944 2823 senten,
959 2748 1039 2809 uude
1057 2741 1159 2811 venien

104 2848 317 2929 possessionem
331 2847 384 2912 viri
400 2848 488 2910 illust.
508 2851 543 2910 de
564 2850 656 2911 Deba.
681 2849 906 2935 Hsmbnrgensis
925 2848 1016 2911 nitide
1038 2849 1070 2911 in
1089 2866 1159 2909 rnen

102 2952 346 3023 transeamus,
360 2947 515 3010 Gothanus
532 2949 664 3032 imperite
678 2949 708 3009 in
723 2950 825 3011 cham.
839 2951 881 3010 At
896 2950 975 3031 quod
988 2946 1159 3010 adflantur

82 3048 85 3053 ’
104 3070 223 3137 gensum
234 3062 265 3110 et
275 3049 445 3113 Gothanum
458 3051 577 3125 attinet,
590 3051 766 3112 accuratiore
780 3051 933 3111 collutione
944 3072 1012 3111 usus
1023 3063 1069 3112 cst
1077 3050 1159 3109 wau

106 3151 235 3225 derfleh,
253 3149 301 3211 cui
311 3149 395 3211 et'um
409 3150 468 3212 duo
480 3150 681 3213 Zwicavienses
696 3151 793 3215 saeculi
803 3151 858 3212 XV
870 3196 879 3226 ‚
895 3163 1002 3233 prnesto
1016 3150 1159 3232 fuereque

105 3276 168 3316 rum
185 3251 371 3316 collationem
385 3251 495 3314 curavit
511 3252 660 3314 Goercenn.

145 3355 234 3417 Baeh.
245 3353 446 3417 Berodnenses
453 3367 577 3437 quatuor
586 3364 692 3433 praesto
705 3352 811 3415 habuit.
823 3354 863 3414 lis
877 3353 1009 3416 dominus
1018 3355 1076 3416 fuit
1087 3348 1159 3416 ted

105 3455 203 3527 Dicte,
216 3455 265 3536 qui
275 3498 284 3528 ‚
295 3467 446 3537 postquam
455 3456 518 3539 regi
525 3458 746 3517 Borussoruma
760 3452 1012 3515 consiliis-intimis
1024 3467 1055 3514 et
1065 3451 1159 3541 legatio

108 3551 194 3613 nibus
210 3554 319 3627 suerat,
340 3569 492 3618 extrenum
512 3557 571 3619 iere
587 3554 674 3617 vium
691 3554 753 3616 otio
772 3554 897 3616 litterato
917 3556 948 3614 in
967 3555 1034 3617 villa
1052 3555 1159 3635 proxim

110 3652 279 3717 Berolinunn
297 3654 350 3714 sits
363 3658 483 3739 peregit.
499 3657 557 3718 Hic
569 3656 615 3718 uir
628 3655 735 3737 insigni
753 3655 822 3715 dnm
837 3657 966 3729 vivebat,
985 3657 1020 3717 de
1039 3671 1159 3718 musam!

110 3753 270 3817 cultoribus
285 3753 496 3816 benemerendi
510 3755 607 3818 studio
621 3754 772 3828 incitatus,
788 3755 900 3816 codices
912 3777 980 3816 suos
992 3758 1103 3818 Baebio
1114 3752 1159 3818 sud

110 3858 280 3922 ministravit
290 3881 298 3917 ε
310 3870 417 3940 etpost
425 3861 500 3924 iliius
512 3861 623 3924 obitum
635 3859 740 3920 libriin
751 3860 891 3943 publicam
900 3859 1020 3943 Regiam
1031 3862 1159 3926 bibliotlu

110 3980 171 4022 cam
184 3959 369 4020 transierunt.
387 3956 412 4018 li
428 3960 475 4019 vix
488 3962 563 4023 ultra
576 3960 774 4044 typographiae
786 3960 954 4024 incunabula
969 3977 1136 4047 assurgunt.

149 4061 175 4117 1.
189 4059 287 4121 Codex
298 4059 462 4121 chartaceus
474 4103 483 4131 ‚
495 4062 612 4134 formu,
628 4083 710 4142 quem
718 4071 821 4124 vocant
831 4103 840 4133 ‚
852 4072 960 4124 octavae
969 4064 1105 4145 majoris,
1119 4065 1159 4126 clu
