2580 5002
281 687 569 748 ELEGIARUM
591 683 906 747 ARGUMENTA.
1104 687 1130 767 cj

58 847 151 893 nunc
170 817 325 913 leguntur
341 817 421 917 ipsae
439 814 565 911 elegiae,
583 815 789 914 exponimus.
807 813 1032 891 Nihilominus
1055 843 1131 889 sen-

60 933 198 1008 tentiam
216 949 365 1006 nostram
384 931 425 1004 de
442 930 527 1003 serie
538 929 741 1003 restituenda
754 929 923 1018 addimus,
938 927 1131 1031 ampliorem

60 1051 103 1124 de
120 1049 234 1122 haere
251 1047 518 1149 disquisitionem
535 1047 571 1118 in
587 1045 699 1120 Vitam
716 1043 912 1141 relegantes.

283 1404 525 1552 [rnen
575 1403 900 1509 ruinius

453 1619 740 1648 0*-

376 1832 583 1907 ELEGlA
617 1832 807 1906 PRIMA.

101 2006 282 2068 Crediderim
296 2007 369 2070 hanc
380 2007 481 2070 ordine
497 2009 607 2070 tertiam
621 2029 699 2081 esse,
712 2019 742 2067 et
754 2018 824 2068 tunc
837 2008 1027 2090 conscriptam
1041 2032 1131 2091 quum

58 2103 222 2167 Tibulluse
239 2105 375 2189 Corcyra,
386 2106 433 2167 ubi
452 2119 659 2191 aegrotaverat,
680 2109 801 2167 Romam
814 2106 919 2180 rediit,
943 2129 1019 2170 anno
1036 2111 1076 2168 U.
1093 2110 1129 2171 C.

57 2205 215 2265 secundum
236 2204 394 2266 Varronem
420 2227 486 2289 727.
511 2206 634 2267 Constat
650 2206 743 2269 verbis
759 2217 784 2265 tc
806 2207 908 2266 bellare
934 2208 1011 2266 decet
1031 2219 1127 2281 term,

56 2302 208 2375 Messala,
230 2307 355 2386 murique
376 2292 476 2365 ducem
493 2305 570 2366 hunc
587 2325 623 2367 eo
643 2317 771 2386 tempore
793 2304 884 2374 adhuc
901 2304 932 2362 in
948 2306 1131 2383 expeditione

57 2398 241 2476 implicitum
254 2401 334 2481 quod
345 2424 405 2461 non
417 2402 497 2464 lacile
509 2402 589 2462 aliter
604 2401 742 2480 explicare
752 2402 876 2478 poteris,
889 2422 972 2482 quam
985 2401 1131 2490 siAEgyp-

57 2501 158 2562 tiaram
169 2499 325 2584 intelligam
344 2503 463 2565 Gallicae
473 2503 550 2564 enim
559 2502 689 2564 interluit
702 2503 763 2585 ipse
774 2502 907 2563 Tibullus
919 2525 926 2561 :
940 2525 996 2563 non
1011 2506 1073 2563 sine
1087 2527 1132 2564 me

57 2609 101 2660 est
111 2599 269 2681 autpertus
283 2602 385 2673 Ιιοιιοι,
399 2602 486 2686 (eleg.
500 2620 566 2675 vn,
577 2612 621 2687 9.)
639 2602 789 2678 Quinadeo
801 2602 871 2661 etin
882 2602 1044 2685 AEgyptum
1056 2605 1133 2664 Mes-

58 2698 124 2762 salae
135 2720 231 2762 comes
243 2699 425 2778 profecturus
439 2713 497 2762 erat
509 2712 594 2782 poeta
603 2715 620 2774 ,‘
631 2725 715 2782 quem
732 2702 869 2786 Corcyrae
882 2700 1000 2763 morbus
1016 2724 1132 2780 oppres-

58 2797 115 2874 sit,
126 2797 222 2874 itaut,
237 2800 284 2861 rix
294 2800 361 2861 inde
373 2821 545 2883 resurgens,
560 2798 670 2862 divitias
683 2823 750 2883 quas
760 2814 917 2877 speraverat
928 2802 1130 2878 detestaretur,

56 2899 113 2981 jam
125 2897 197 2960 nihil
206 2897 284 2960 aliud
292 2920 377 2985 agens
387 2921 469 2982 quam
481 2912 513 2960 ut
523 2898 645 2978 puellam
654 2899 788 2960 citissime
794 2900 929 2961 reviseret
940 2943 949 2975 ,
955 2900 1037 2980 jam,
1051 2902 1132 2962 modo

57 3021 129 3071 non,
144 3021 259 3080 possum
274 3009 418 3059 contendes
432 3002 525 3060 vivere
536 3020 643 3081 paruo,
665 3023 693 3062 r.
709 2997 757 3060 25.
774 3001 862 3059 Hunc
877 3020 991 3061 versum
1008 2998 1131 3078 et'prae-

57 3100 141 3179 cipue
156 3105 186 3163 τό
203 3102 282 3161 modo
297 3122 354 3160 non
369 3101 408 3161 ita
424 3100 575 3184 intelligo:
594 3101 682 3163 modo
699 3100 801 3163 accisas
818 3111 929 3178 patrum
944 3122 1013 3181 opes
1028 3121 1131 3184 augere

58 3199 194 3282 cupiens,
210 3221 288 3260 nunc
298 3220 385 3280 parvo
401 3212 555 3260 contentus
574 3223 652 3270 sum3
669 3222 685 3260 ο
700 3210 836 3284 quantum
846 3211 891 3261 est
903 3202 969 3258 auri
977 3203 1070 3281 potrus
1080 3223 1130 3282 pe-

58 3311 170 3381 reatque
180 3300 341 3377 smaragdi,
358 3299 532 3382 Quumfleut
541 3301 575 3360 ob
587 3309 698 3359 nostras
709 3300 768 3358 ullo
775 3299 870 3381 puella
879 3299 1000 3357 vius-Ut
1009 3300 1127 3380 opinor,

59 3398 193 3463 Tibullus
204 3421 220 3458 e
234 3399 326 3460 Gallia
334 3398 422 3460 redux
433 3398 544 3459 Deliam
555 3401 659 3460 Romae
671 3396 805 3475 deperiit,
823 3418 914 3458 annos
925 3408 1006 3456 natus
1018 3397 1129 3458 circiter

58 3499 241 3577 octodecim,
256 3500 296 3560 ita
312 3511 346 3559 ut
365 3498 453 3577 prima
474 3497 630 3576 stipendia,
650 3509 790 3559 consueto
813 3516 892 3557 more
908 3499 1127 3567 Romanorum,

58 3601 182 3679 septimo
197 3599 308 3660 decim
322 3620 398 3660 anno
409 3597 553 3659 meruerit.

448 3784 650 3858 ELEGIA
681 3784 729 3856 ΙΙ.

105 3965 190 4025 Hanc
207 3962 300 4024 cultro
316 3960 348 4021 in
362 3960 482 4023 minutas
498 3973 591 4039 partes
607 3959 818 4034 discerpserunt
833 3955 1022 4036 interpretes,
1041 3977 1129 4035 quum

56 4083 151 4131 tamen
169 4070 277 4152 optime
290 4069 450 4132 cohaereant
461 4068 496 4128 ab
510 4067 594 4129 initio
603 4067 639 4127 ad
653 4066 739 4125 tinem
753 4085 843 4145 usque
853 4084 951 4124 versus
962 4082 1080 4136 ornnes,
1096 4073 1129 4121 ut

55 4169 87 4229 in
103 4171 308 4232 commentario
326 4168 511 4229 ostendimus.
528 4169 618 4228 Poeta
632 4166 761 4249 queritur
776 4163 815 4223 ob
827 4162 918 4226 Deliae
934 4185 993 4223 suae
1010 4162 1130 4222 clausam

55 4269 186 4351 januam,
202 4284 265 4328 tum
280 4266 400 4350 puellam
417 4266 582 4326 adhortatur
596 4278 629 4326 ut
640 4263 772 4325 maritum
790 4261 926 4338 decipiat,
946 4258 1048 4319 deinde
1059 4278 1132 4341 sagae

57 4366 261 4440 humentes,
278 4368 400 4449 denique
416 4387 515 4426 rursus
531 4377 624 4443 portae
634 4366 773 4426 obseratae
783 4382 906 4433 memor,
923 4360 1133 4422 exclamatnum

61 4469 181 4530 Veneres
195 4490 306 4546 muguoe
319 4469 425 4531 violavi
438 4469 556 4527 nunnus
571 4467 656 4528 verbo
669 4489 679 4527 .·
693 4477 723 4528 et
738 4464 774 4527 ad
785 4462 872 4525 linem
884 4482 975 4543 usque
989 4459 1136 4542 querimu-
