2550 4972
85 317 159 403 imj
475 322 534 382 ns
559 320 756 386 rmum

81 472 144 513 esse
153 449 276 528 putabat
292 450 380 511 Unde
395 472 463 513 vero
478 454 589 515 notatio
604 454 650 515 illa
659 455 737 515 venit
750 454 782 513 in
793 452 865 513 hanc
875 447 1054 516 editionem,
1065 462 1138 527 qim

82 550 212 632 Scaliger
227 549 346 611 affirmet
363 552 393 611 in
411 552 454 611 ed.
472 574 516 611 an.
536 553 631 636 1577,
648 575 677 614 se
694 555 816 631 primum
833 549 906 610 illud
920 544 1033 609 Tibulli
1050 541 1138 625 Epib-

79 653 180 735 phium
198 653 309 715 auctori
326 675 379 714 suo
395 653 545 714 asseruisse
561 665 755 731 epervetusto
773 650 910 722 schedio,
931 647 1042 718 idest,
1063 643 1140 723 Cuia-

81 754 185 825 ciano,
208 754 286 834 quod
309 755 508 832 praescriptum
533 752 648 813 haberet
672 773 778 813 nomen
797 750 908 811 Domiti
926 743 1058 809 Marsi)
1078 742 1141 817 Qoe

81 854 203 936 qnaestio
215 854 298 914 etiam
309 853 435 931 pertinet
444 853 479 912 ad
488 853 626 913 lectiones
640 852 772 934 quasdam
783 847 941 932 scaligeri,
952 845 1059 927 partim
1066 845 1142 905 Plan·

79 953 212 1028 tinianoe,
222 954 324 1031 partim
335 951 521 1036 lugdunensi
534 952 704 1030 adscriptas,
716 974 769 1012 nec
778 949 869 1013 decidi
879 962 946 1010 ante
956 944 1140 1011 recensionem

77 1051 182 1113 bonam
195 1052 395 1129 exemplarium
406 1062 513 1128 potest.
525 1050 624 1110 Editio
635 1051 723 1133 igitur
730 1048 935 1133 Lugdunensis
948 1047 1032 1107 bunc
1040 1041 1141 1104 titulun
1190 1062 1192 1113 ζ

79 1147 165 1211 babet
183 1162 213 1208 ¹:

119 1288 295 1349 Cervinus.
309 1286 449 1348 Tibvllvs.
464 1289 640 1364 Propertius.
659 1290 749 1362 ltem,
769 1289 860 1351 Corn.
880 1286 962 1349 Galli
975 1286 1140 1368 Fragmenh·
1190 1250 1192 1293 ι

76 1420 119 1437 ·-
129 1386 264 1471 Lugduni
280 1386 355 1467 apud
372 1386 441 1446 Ant.
454 1387 635 1468 Gryphium,
651 1387 884 1461 M.1).Lxx111‚
900 1385 1007 1445 in-ln.

116 1511 190 1571 Haec
204 1507 293 1568 editio
310 1529 417 1568 nomen
431 1508 605 1590 Gryphianae
616 1509 662 1570 vix
673 1522 813 1579 meretur;
832 1507 863 1568 in
875 1506 1015 1570 omnibus
1030 1506 1142 1590 sequitur

29 1642 46 1669 .·
76 1607 201 1673 Plantin.
225 1603 329 1689 1569,
352 1619 384 1666 ut
404 1618 434 1666 et
452 1607 573 1667 Plautini
594 1607 837 1685 praehtiuncuhm
855 1619 886 1669 et
901 1607 1024 1669 Canteri
1044 1603 1143 1670 Scbol'u

73 1705 302 1787 nansumpserit,
322 1707 460 1766 Sisines.
483 1709 606 1766 interest
624 1709 698 1767 inter
714 1721 861 1789 utramque
884 1709 965 1769 boc:
996 1703 1144 1768 1⁰Planti·

76 1809 160 1871 niana
176 1817 242 1887 post
254 1805 402 1866 Tibullum
418 1803 501 1865 habet
513 1805 604 1866 Corn.
615 1806 750 1879 Gallum,
766 1806 934 1889 Gryphium
943 1807 1065 1868 Gallum
1075 1802 1145 1866 habel

74 1920 146 1989 post
159 1906 359 1984 Propertium,
379 1916 411 1964 2⁰
428 1903 551 1963 Plantin.
566 1916 630 1965 ante
646 1905 831 1986 Propertium
843 1904 961 1966 titulum
978 1904 1068 1966 babet
1080 1922 1146 1986 sepe

73 2019 184 2082 ratum,
196 2006 309 2088 Gryph.
320 2027 381 2065 non
395 2002 450 2063 nisi
461 2003 655 2082 prefationem
666 2004 802 2077 Canteri3
818 2001 851 2063 3⁰
858 2006 989 2066 Plautio.
1001 2029 1065 2069 non
1075 2002 1147 2066 babel

74 2103 176 2178 Vitas,
193 2105 304 2187 Gryph.
322 2103 406 2163 habet
423 2102 502 2162 Vitas
518 2124 534 2163 e
550 2103 639 2163 Petro
658 2102 791 2173 Crinito;
811 2102 845 2176 4⁰
860 2103 1058 2167 Plautinianae
1072 2105 1147 2185 longe
1190 2142 1192 2147 ·

73 2206 208 2286 pauciora
220 2205 360 2281 adscripta
373 2214 460 2276 sunt,
477 2223 559 2282 quarn
577 2201 771 2284 Gryphianus,
788 2203 951 2281 praesertim
966 2206 1038 2267 inde
1056 2203 1147 2275 alll,

77 2319 127 2374 tv,
139 2298 197 2373 65,
215 2300 263 2359 ubi
274 2298 375 2375 incipit
390 2297 579 2380 fragmentum
591 2297 709 2379 Cujacii.

123 2397 285 2464 CATVLM,
303 2393 429 2465 Tibulli,
444 2393 602 2468 Propertl,
619 2414 688 2451 nonu
699 2395 793 2455 editio.

77 2493 226 2569 ,Iosephus
247 2493 372 2576 Scaliger
393 2493 452 2551 Jut.
474 2491 593 2552 Caesaris
614 2494 647 2550 F.
665 2495 816 2556 recensuit.
834 2495 976 2576 Ejusdem
998 2501 1032 2559 in
1049 2496 1151 2558 eosdm

82 2592 308 2668 Castigationem
322 2589 414 2649 Liber.
422 2589 470 2648 lld
481 2589 526 2650 Cl.
538 2590 695 2651 Puteanum
707 2594 912 2657 Consiliarium
924 2596 1058 2680 Regium
1069 2597 1101 2657 in
1112 2615 1153 2655 sn·

78 2711 178 2773 prema
191 2687 278 2749 Curia
290 2686 450 2746 Parisiensi.
466 2687 584 2745 Lutetioe
592 2731 601 2759 ,
621 2690 695 2766 apud
711 2695 881 2754 Marnertum
895 2696 1115 2769 Patissonium,
1130 2692 1155 2752 in

78 2789 193 2855 officina
204 2789 280 2848 Rob·
294 2786 429 2863 Stephani
446 2782 540 2867 1577,
555 2784 649 2847 in-80.
668 2787 742 2849 Cum
755 2791 905 2877 privilegio
918 2795 1025 2878 Regis.
1042 2792 1155 2857 Husch-

79 2890 146 2950 kius
158 2888 192 2947 de
204 2889 255 2947 hac
266 2885 392 2947 editione
403 2884 472 2943 dicit
486 2906 492 2941 :

124 2988 193 3061 Quo
212 3008 299 3046 sensu
318 3007 386 3043 nuos
403 2984 486 3042 editio
506 2981 561 3042 dici
582 2985 710 3059 potuerit
727 2989 904 3072 Scaligerana
923 2996 1045 3074 prshra,
1072 2995 1156 3056 blec!

80 3110 129 3149 mc
152 3108 212 3147 non
234 3084 400 3168 intelligere.
421 3083 540 3145 Rectius
556 3083 594 3143 ita
610 3084 744 3162 inscripta
759 3102 802 3148 est
819 3093 945 3153 secunda
961 3118 1011 3155 an.
1035 3096 1116 3157 1582
1134 3103 1158 3156 el

81 3182 167 3245 tertia
180 3204 225 3241 an.
236 3181 321 3243 1500.
333 3181 474 3263 Adigitur
490 3181 582 3263 aliqua
592 3181 636 3241 his
646 3181 736 3243 tribus
746 3184 922 3249 editionibus
931 3190 1157 3279 pn‘orexstitit?

81 3304 139 3365 ego
157 3281 262 3343 nescio.
280 3281 337 3343 Sed
348 3280 490 3340 audiamus
507 3278 680 3362 scaligerum
696 3281 798 3358 ipsum.
816 3287 873 3347 Hic
888 3287 919 3346 in
933 3290 1051 3353 Catulli
1064 3296 1158 3357 carm
1182 3354 1184 3358 .

82 3381 191 3451 thl,
209 3386 220 3448 (
230 3377 270 3451 bl,
283 3384 313 3453 )‚
333 3376 393 3438 308
410 3377 519 3453 edidit:

183 3476 240 3534 ldis
257 3497 353 3555 corpus
367 3478 515 3535 tremulum
527 3477 709 3555 complectens
725 3482 846 3563 undripue
861 3487 952 3548 vestis
962 3524 1008 3538 .-

82 3574 124 3636 Εἰ
134 3571 166 3631 in
183 3574 384 3634 commentario
403 3573 516 3655 quidem
532 3573 567 3634 ad
583 3572 628 3633 ed.
644 3595 678 3633 an
694 3573 769 3637 1582
788 3580 907 3643 scribit:
924 3614 940 3640 a
960 3590 1000 3650 ln
1015 3590 1163 3656 veteribus

116 3776 126 3808 ¹
144 3772 236 3825 Praeter
248 3772 324 3839 hanc,
340 3773 414 3825 sliam
428 3775 529 3847 insuper
541 3772 602 3824 enni
617 3773 679 3842 1569
690 3794 813 3834 memoret
826 3783 946 3858 lleynins
959 3813 1024 3848 eum
1039 3810 1170 3871 sequente

83 3856 176 3908 titulo:
190 3854 293 3918 Catulli,
308 3854 417 3919 Tibulli,
434 3855 559 3929 Propertii
572 3868 596 3904 et
611 3852 723 3908 Cornelii
735 3860 804 3914 Galli
818 3885 972 3939 operarum
990 3878 1087 3934 indice
1107 3881 1171 3935 Πο-

85 3939 142 3990 ratii
153 3936 306 3991 Tuscanrllae
314 3936 419 3991 Basileae
427 3958 456 3989 er
467 3935 568 3989 officina
579 3936 799 4012 ilenricopetsina,
812 3966 881 4002 enno
892 3954 986 4013 salutis
998 3960 1160 4022 MDLXIX

86 4038 171 4074 mense
181 4020 279 4073 martio.
290 4021 331 4073 Dc
343 4020 390 4072 bac
402 4021 460 4072 vide
474 4038 547 4092 snpra
560 4019 592 4071 ad
600 4039 644 4072 an.
660 4022 728 4075 1530.
1164 4004 1171 4033 υ
